3617 5650
716 781 923 846 -19-
967 837 972 842 .

268 965 1368 1050 damcaesniamhophthemimeremcontrallermanniopinionem,

268 1076 322 1156 qui
351 1095 420 1136 eam
450 1075 567 1135 nullam
597 1092 673 1136 esse
703 1074 863 1136 contendit
884 1075 916 1135 in
939 1075 1107 1136 elementis
1131 1075 1160 1136 d.
1182 1096 1223 1138 m.
1245 1097 1274 1157 p.
1298 1077 1367 1140 loe.

268 1181 337 1246 Sed
360 1183 446 1262 quod
467 1185 522 1244 illex
540 1183 627 1262 dicit,
650 1183 710 1246 hac
732 1199 870 1244 caesura
892 1179 1034 1246 admissa
1056 1183 1265 1262 posteriorem
1286 1202 1366 1246 ver-

268 1307 327 1352 sus
350 1300 474 1372 partem
498 1291 592 1352 valde
614 1291 800 1352 dissimilem
821 1307 898 1351 esse
919 1291 1027 1372 priori,
1049 1289 1078 1350 id
1092 1291 1194 1370 ipsum
1215 1292 1304 1353 valet
1326 1291 1367 1354 ad

268 1399 491 1481 explicandam
515 1399 700 1480 Epicharmi
723 1397 996 1461 consuetudinem.
1046 1399 1090 1460 Ut
1110 1399 1193 1463 caim
1214 1399 1369 1463 trochaici

264 1509 442 1570 tetrametri
469 1509 625 1588 propriam
660 1509 869 1588 gravitatem,
901 1506 962 1566 etsi
998 1523 1046 1566 ea·
1064 1523 1135 1574 cum
1166 1506 1366 1571 Dorienaium

265 1613 371 1674 indole
400 1617 533 1698 egregie
561 1617 764 1696 corrveniret,
795 1625 902 1676 tamen
929 1633 986 1694 pro
1006 1613 1191 1696 -quotidiani
1206 1616 1367 1676 sermonis

265 1722 388 1782 ratione
411 1722 569 1783 moderari
587 1723 749 1802 studebat,
770 1725 815 1786 ita
832 1725 862 1785 in
880 1723 1011 1785 trimetri
1025 1724 1148 1786 iambici
1164 1741 1223 1785 usu
1241 1723 1368 1784 videtur

266 1827 503 1906 qrrodammodo
537 1830 672 1892 alienam
704 1849 722 1891 a
749 1831 959 1892 Doriensibus
986 1830 1183 1892 celeritatem
1212 1830 1367 1892 arnume.

265 1935 419 2014 Proprius
440 1937 521 1996 enim
544 1937 613 1997 eius
630 1939 723 2023 metri
739 1953 853 1998 cursus
869 1945 945 1998 tuno
959 1936 1085 1998 demum
1100 1937 1245 2018 sentitur,
1266 1955 1365 2029 quum

264 2041 368 2104 adest¹
381 2055 516 2104 caesura
537 2042 805 2122 penthemimeris,
827 2041 971 2104 velutin
992 2043 1055 2103 hoc
1075 2061 1193 2106 versut

324 2219 327 2232 y
411 2137 482 2208 ἀλλ’
503 2135 574 2208 οὔτι
595 2141 737 2229 γέρανον,
757 2137 830 2208 ἀλλ’
850 2135 964 2231 ἔρανόν
985 2133 1026 2228 yo't
1046 2165 1099 2208 τοι
1118 2142 1212 2230 λέγω,
1288 2131 1293 2136 Δ

264 2271 328 2340 quo
351 2259 477 2340 quidem
496 2259 684 2340 'intelligitur
706 2263 803 2322 multo
828 2261 945 2322 lentius
967 2261 1053 2322 illum
1078 2261 1244 2326 incederet

451 2353 473 2448 ἦ
495 2353 710 2449 παμπόνηρον
731 2357 826 2450 ὄψον,
847 2354 875 2427 ὦ
895 2363 967 2442 τᾶν,
989 2357 1008 2428 ὁ
1028 2362 1171 2451 γέρανος.

265 2475 378 2552 ltaque
403 2475 517 2534 lentius
552 2474 790 2536 decurrentibus
823 2475 972 2535 versibus
1004 2474 1184 2536 delectatus
1211 2484 1260 2536 est
1283 2476 1363 2556 Epi-

264 2581 430 2644 charmus:
448 2582 593 2644 'similiter
616 2591 721 2644 antem
743 2584 773 2644 in
795 2583 854 2643 illis
877 2601 919 2642 ex
942 2582 1065 2644 Alcime
1085 2584 1194 2664 petitis
1214 2586 1365 2647 trimetris

263 2688 486 2766 frequentatur
515 2707 650 2752 caesura
680 2679 958 2771 hephtemimeris,
987 2710 1082 2772 quum
1112 2693 1222 2771 reliqui
1251 2710 1367 2754 versus

264 2805 382 2877 magna
403 2805 557 2877 exparte
580 2815 714 2859 caesura
737 2806 878 2861 careant.
928 2797 1013 2859 Vide
1035 2797 1130 2859 modo
1152 2799 1211 2861 hos
1232 2816 1366 2865 verauet

298 2922 300 2930 ·
332 2928 339 2935 ·
392 2892 508 2987 ὥσπερ
530 2892 591 2987 peip
613 2900 676 2963 αἴν’
699 2894 833 2986 αὔλησιν
850 2904 856 2984 Ι
875 2894 1017 2987 αὐλητάς
1036 2893 1156 2983 μαθών
1218 2933 1221 2935 ’

304 3027 307 3038 ·
354 3026 357 3033 “
390 3000 411 3089 ἢ
431 2998 565 3092 ὄρχησιν
586 2997 749 3093 ὀρχηστάς
768 3030 819 3083 τις
838 3009 842 3090 l
861 3002 883 3095 ἢ
904 3002 1045 3085 nicasia
1065 3000 1190 3073 πλοκάν

283 3125 290 3143 ·
390 3108 505 3199 αἶ’λῆς
525 3118 731 3195 καταμαθεῖν
752 3108 874 3196 ἀτενὲς,
893 3118 898 3199 Ι
918 3110 956 3180 οὐ
976 3114 1081 3182 τίκτει
1102 3114 1198 3181 τέκνα

286 3239 292 3248 ·
390 3211 481 3301 μόνα·
501 3212 723 3285 πεπαιδεύται
743 3215 804 3309 γαρ
823 3228 828 3307 l
848 3217 1011 3299 αὗταυτᾶς
1032 3220 1107 3289 ὕπο.

263 3332 608 3411 Eamque,oaesuram
637 3334 952 3395 animadvertendum
976 3318 1034 3394 ¹est
1058 3336 1243 3413 plerumque
1270 3334 1365 3395 exci-

263 3462 342 3521 pere
362 3442 536 3521 spondenm
557 3445 588 3503 in
611 3444 717 3523 quinta
736 3444 829 3504 sede:
856 3447 909 3525 qui
929 3444 1043 3523 etipse
1058 3446 1243 3525 graviorem
1263 3443 1366 3505 reddit

265 3550 397 3609 trimetri
424 3552 597 3611 incessum.
641 3548 707 3611 Sed
731 3548 771 3609 de
794 3548 854 3610 hoc
875 3550 1042 3611 hactenus.
1086 3552 1151 3611 lam
1176 3554 1260 3611 enim
1284 3552 1366 3613 hacc

264 3676 391 3738 qnoque
420 3658 601 3740 fragmenta
630 3658 762 3719 iambico
791 3658 1137 3737 nnmero'conscripta
1168 3678 1187 3717 e
1217 3659 1366 3738 genuinis

266 3766 454 3845 Epicharmi
472 3764 585 3823 fabulis
600 3764 684 3824 credi
698 3768 804 3842 potest
822 3764 965 3823 Alcimus
980 3765 1171 3845 sumpsisse,
1193 3783 1289 3843 quum
1305 3784 1366 3824 ne-

265 3890 330 3951 quo
354 3872 454 3950 ipsius
478 3874 653 3933 auctoritas
674 3890 805 3953 prorsus
823 3874 864 3933 sit
879 3876 1058 3952 spernenda
1077 3884 1110 3935 et
1125 3876 1154 3933 in
1166 3893 1366 3937 numerorum

264 3982 514 4043 conformatione
538 3982 653 4062 aliquid
678 3992 829 4044 cernatur
849 3984 1017 4065 singularis
1040 3983 1262 4044 similitudinis.

313 4084 316 4091 ’
349 4092 511 4171 Deinceps
534 4092 627 4173 igitur
654 4092 870 4171 quaerendum
901 4092 977 4172 erit,
1007 4101 1137 4153 rectene
1162 4092 1305 4153 Alcimus
1332 4094 1365 4154 in

265 4198 314 4259 his
337 4196 518 4277 Epicharmi
545 4196 715 4257 versiculis
743 4188 914 4279 αἰσθητῶν
940 4190 995 4255 καὶ
1021 4191 1144 4279 νοητῶν
1170 4208 1203 4258 et
1222 4198 1365 4260 idearum

265 4302 529 4385 significationem
553 4302 594 4362 ad
616 4302 743 4363 modum
767 4302 911 4364 Platonis
933 4303 994 4363 sibi
1016 4304 1108 4363 visus
1124 4302 1166 4363 sit
1184 4303 1365 4385 deprehen-

265 4410 350 4472 dere.
398 4408 490 4487 Quod
512 4408 540 4469 si
562 4409 592 4469 in
616 4428 679 4469 uno
701 4409 753 4469 vel
776 4412 877 4471 altero
899 4410 1027 4470 iambici
1036 4410 1171 4505 xgeneris
1182 4410 1364 4491 fragmento

265 4534 324 4579 auo
346 4518 412 4577 iure
434 4516 554 4577 fecisse
576 4518 764 4595 reperietur,
781 4513 861 4577 ‘illud
875 4522 1001 4595 propter
1020 4519 1363 4595 temporumrationem
