3617 5650
876 741 1096 840 ,uw-

443 949 529 1043 ιιρὸς
548 961 619 1034 τοῖς
638 948 832 1044 άρισιεροῒς,
852 951 1034 1047 trembecii
1048 951 1093 1036 oia
1100 958 1136 1023 'ot
1145 950 1370 1047 Πυθαγόρειοι
1384 961 1541 1047 ttyooro.

442 1066 557 1133 ἐκεῖνοι
586 1061 647 1154 γάρ
674 1061 759 1156 ἡμᾶς
786 1063 851 1134 doro
878 1093 915 1134 τε
938 1069 1072 1134 ποιεῦσι
1101 1069 1155 1134 καὶ
1185 1068 1220 1135 ἐν
1241 1071 1289 1154 τῷ
1309 1071 1411 1155 δεξιῷ
1434 1071 1540 1158 με’ρει,

440 1173 516 1256 rods·
536 1181 566 1244 d'
587 1179 657 1245 ἐκεῖ
675 1172 762 1246 κάτω
784 1179 838 1244 καὶ
860 1178 893 1246 ἐν
913 1178 961 1264 τῷ
982 1172 1155 1267 άριστερῴ.
1205 1185 1436 1246 Verumtamen
1467 1185 1541 1266 quid

442 1301 507 1372 est,
531 1291 614 1371 qrtod
636 1292 740 1370 pauiio
763 1301 836 1352 ante
859 1291 1088 1372 Pythagoreos
1110 1292 1305 1353 Aristoteles
1326 1293 1541 1373 reprehendit,
1584 1367 1591 1381 ⁹

443 1399 517 1480 qnia
537 1387 575 1458 od
598 1386 707 1474 ’δεξιάν
727 1408 760 1460 et
783 1385 957 1484 άρισιερόν
977 1399 1075 1478 giobo
1098 1397 1232 1460 coelesti
1255 1398 1469 1481 adhibuerint,
1490 1402 1542 1462 iiia

443 1515 560 1581 antem,
581 1494 619 1565 τά
641 1493 706 1564 dio
730 1515 762 1566 et
783 1491 881 1580 κάτω,
904 1522 968 1565 non
989 1502 1214 1570 adhibuerint?
1236 1495 1290 1566 διά
1311 1501 1365 1566 καὶ
1386 1503 1452 1567 τῶν
1472 1508 1543 1568 Πυ-

440 1606 626 1696 θαγορείων
647 1600 686 1674 άν
706 1631 757 1684 τις
777 1599 983 1690 θαυμάσειεν
1003 1604 1056 1673 ὅτι
1077 1601 1137 1674 δύο
1165 1601 1268 1694 μόνας
1295 1602 1418 1687 ταῦτας
1438 1602 1544 1698 άρχάς

444 1708 562 1802 ἔλεγον,
583 1709 621 1781 τά
644 1709 752 1798 δεξιάν
773 1716 827 1782 καὶ
847 1709 886 1781 τά
907 1709 1098 1806 ἀριστεράν,
1119 1711 1180 1796 τάς
1202 1719 1241 1785 δὲ
1260 1718 1420 1808 τέτταρας
1438 1719 1543 1807 παρέ-

442 1821 539 1888 λιπον
561 1817 661 1889 οὐθὲν
681 1807 779 1911 ἧσσαν
799 1823 914 1912 κυρίας
934 1817 1050 1905 οάσας,
1072 1818 1174 1891 οὐθὲν
1194 1819 1256 1915 γάρ
1277 1818 1401 1892 ἐλάσσαι
1423 1827 1544 1914 διαφο-

444 1923 505 2018 ράν
529 1925 597 2012 ἔχει
615 1922 657 1996 τά
677 1923 743 1996 tivo
764 1923 850 2019 πρὸς
870 1924 912 1996 τά
933 1923 1021 1996 κάτω
1044 1931 1099 1996 καὶ
1118 1925 1162 1998 τά
1182 1926 1378 2020 ἔμπροσθεν
1391 1926 1480 2022 πρὸς
1500 1928 1546 2002 τά

440 2032 586 2105 ὄπισθεν
606 2035 628 2126 ἢ
648 2032 690 2106 τά
711 2032 805 2120 δεξιά
827 2032 912 2127 πρὸς
931 2032 973 2104 τά
996 2031 1155 2128 ἀριστερά
1176 2038 1210 2106 ἐν
1219 2034 1331 2106 ⁴r‘r'roonrr
1340 2044 1413 2119 τοῖς
1434 2033 1541 2129 ζῴοις.
1571 2124 1579 2134 ,

438 2149 542 2215 lmino
563 2153 657 2215 huius
679 2155 793 2234 eapitis
815 2153 1012 2216 ratiocinatio
1035 2171 1074 2214 eo
1096 2161 1236 2234 spectat,
1258 2161 1294 2216 ut
1303 2154 1542 2237 Pythagoreos,

442 2258 517 2343 quia
538 2261 683 2323 dextrum
705 2271 738 2323 et
766 2262 925 2323 sinistrum
949 2261 1030 2324 eoeli
1058 2260 1328 2342 hemisphaerium
1354 2260 1541 2344 statuerint,

445 2367 540 2430 otiam
563 2372 711 2449 superius
736 2377 769 2432 et
789 2368 924 2431 inferius
941 2368 1091 2431 debuisse
1109 2376 1255 2431 statuere
1268 2371 1460 2432 Aristoteles
1483 2370 1542 2432 de-

443 2483 616 2539 monstret:
638 2464 741 2550 εάθύς
760 2466 822 2561 γάρ
844 2472 998 2562 πρῶτοι,
1018 2470 1050 2539 εἰ
1072 2466 1111 2539 od
1130 2467 1238 2555 δεξιάν
1259 2465 1402 2564 ὑπάρχει
1427 2474 1482 2540 καὶ
1502 2469 1542 2541 τά

441 2574 625 2670 ἀριστεράν,
649 2575 697 2646 ἔτι
716 2572 878 2671 πρότερον
897 2575 959 2660 τάς
979 2581 1145 2671 προτέρας
1153 2577 1360 2671 ὑποληπτέον
1382 2575 1543 2673 ὑπάρχειν

442 2683 546 2778 άρχάς
567 2687 600 2756 ἐν
623 2682 721 2774 αὐτῷ.
749 2693 823 2772 Quo
845 2693 932 2757 faoto
955 2714 994 2756 eo
1011 2697 1134 2777 transit,
1157 2705 1191 2757 ut
1212 2704 1356 2778 quaerat,
1380 2695 1467 2778 quod
1483 2697 1542 2759 he-

337 2846 340 2853 ,
441 2799 666 2881 mispbaerium
696 2797 739 2861 sit
759 2799 926 2882 superius,
957 2799 1042 2881 quod
1070 2801 1219 2883 interius,
1252 2801 1338 2883 quod
1358 2820 1438 2865 vero
1459 2801 1542 2865 dex-

439 2916 534 2983 trum,
559 2908 642 2991 quod
665 2909 846 2972 sinistrum:
869 2906 911 2970 de
932 2926 994 2989 quo
1005 2916 1174 2989 postquam
1197 2929 1289 2973 suam
1306 2896 1459 2992 exponit
1469 2915 1541 2993 opi·
1641 2905 1642 2908 ’

440 3018 578 3099 nionem,
601 3036 621 3078 a
642 3014 873 3098 Pythagoreis,
897 3018 949 3096 qui
970 3026 1081 3078 oontm
1111 3018 1385 3100 existimaverint,
1412 3039 1451 3084 se
1472 3020 1541 3082 disss

441 3127 561 3188 'sentire
582 3124 752 3207 signifieat.
795 3122 881 3185 Nam
904 3122 989 3205 qaod
1010 3143 1049 3185 se
1070 3126 1230 3206 superius,
1251 3127 1283 3189 id
1304 3128 1375 3191 itios
1395 3128 1540 3210 interius,

442 3232 526 3317 quod
549 3251 587 3295 se
609 3232 769 3314 dextrum,
791 3232 861 3294 ilios
882 3232 1045 3295 sinistrum
1068 3234 1237 3315 appellare.
1288 3234 1384 3313 Quod
1414 3235 1540 3317 quidem

441 3362 536 3405 nemo
558 3362 619 3403 uon
641 3342 789 3424 intolti‘git
810 3342 854 3405 ita
875 3341 993 3405 dietum
1013 3360 1101 3423 esse,
1123 3350 1158 3405 ut
1171 3338 1233 3403 τοῦ
1252 3331 1319 3405 tivo
1341 3354 1374 3407 et
1384 3332 1473 3406 κάτω
1495 3342 1541 3406 si·
1641 3405 1642 3410 ,

431 3448 606 3532 'gnifioatio
628 3467 691 3511 non
713 3470 733 3511 e
754 3450 862 3512 verbis
891 3450 1189 3534 Pythagoreorum,
1218 3460 1255 3514 ut
1283 3454 1338 3534 qui
1365 3452 1425 3515 bas
1451 3457 1541 3535 ipsas
1641 3467 1642 3470 ’

441 3558 588 3617 notiones
611 3574 673 3615 non
697 3556 905 3633 adhibuerint,
927 3560 987 3621 sed
1008 3578 1050 3620 ex
1073 3558 1243 3622 eorundem
1265 3570 1371 3623 mente
1392 3562 1435 3623 sit
1456 3564 1541 3643 peti·
1641 3569 1643 3598 ι

443 3670 485 3739 ta,
507 3664 631 3745 quatern
650 3658 863 3745 quidom'ess'e
880 3664 1041 3743 debuisse,
1064 3667 1092 3729 si
1114 3667 1417 3753 sibieonstitissent,
1436 3671 1541 3750 pau'iio

443 3780 517 3839 aitte
540 3776 692 3837 docuerat
714 3776 919 3839 Aristoteles.
968 3780 1080 3859 itaque
1097 3798 1151 3841 ex
1173 3779 1357 3841 Aristotelis
1383 3782 1541 3843 sententia
1579 3788 1585 3801 '
1641 3797 1642 3810 ¹

442 3866 654 3967 Pythagorei,
675 3903 771 3965 quum
784 3884 823 3945 in
846 3884 960 3946 dextro
980 3885 1212 3967 hemisphaerio
1235 3906 1293 3949 nos
1316 3887 1474 3970 degentes
1489 3888 1541 3951 fa-

428 4002 563 4070 ·oerent,
586 4012 626 4053 eo
648 3993 718 4073 ipso
739 3992 884 4055 fecerunt
905 3991 936 4052 iu
957 3992 1125 4073 superiore
1146 3992 1322 4077 degentes,
1343 4014 1364 4056 a
1383 4014 1446 4077 quo
1469 3996 1540 4077 qui-

443 4100 515 4163 dem
543 4100 620 4181 ipse,
639 4096 802 4162 dissentit:
829 4118 934 4180 neque
957 4098 1047 4161 'atiud
1076 4102 1160 4162 inest
1187 4100 1238 4161 his
1271 4094 1542 4165 verbiot'dn'eioor
1641 4173 1642 4182 ¹

442 4194 503 4295 γάρ
524 4195 612 4287 ἡμᾶς
629 4194 698 4269 birro
719 4224 757 4279 σε
773 4202 914 4269 ίποιοῦσι
934 4203 989 4268 καὶ
1003 4202 1048 4271 ἐἰ
1073 4205 1123 4289 τῷ
1150 4205 1251 4291 δεξιῷ
1278 4203 1390 4295 μέρει,
1416 4199 1541 4283 wige
1641 4233 1642 4266 ι

442 4310 511 4379 ἐκεῖ
531 4304 617 4377 κάτω
641 4312 696 4379 καὶ
717 4312 751 4381 ἐν
770 4314 818 4401 aqi
844 4304 1039 4403 άρισεερρῖ.ὗ
1067 4319 1164 4399 Quod
1197 4320 1323 4401 quidem
1352 4328 1387 4383 ut
1414 4298 1476 4403 ‘per
1504 4340 1541 4384 se
1641 4373 1642 4390 ι

443 4422 622 4507 speetatum
643 4424 738 4488 faeiie
759 4426 956 4533 intelligitur,
988 4427 1033 4489 ita
1055 4422 1159 4511 magis
1180 4428 1385 4491 confirmatur
1408 4428 1540 4511 Simpii-

444 4533 484 4597 eii
506 4530 547 4595 ad
570 4530 654 4593 huno
676 4530 778 4594 iocum
801 4533 1014 4595 annotatione.
1058 4535 1091 4596 ts
1114 4534 1196 4597 enim
1216 4531 1368 4617 miratur,
1399 4535 1475 4617 quid
1497 4535 1538 4599 sit
