3617 5650
863 719 1072 787 ...42-

410 908 641 975 Vernmlamcn
663 927 682 970 a
704 907 831 988 propria
848 907 1128 989 ,Pythagoreorum
1141 909 1310 983 „cernentia
1331 929 1424 991 qua-m
1438 929 1512 975 ma-

410 1019 493 1083 xime
506 1015 766 1082 .ahhorret.haeo
795 1014 986 1095 disputandi
1006 1018 1107 1090 ratic,
1131 1036 1226 1099 quom
1256 1038 1298 1080 ex
1315 1032 1366 1079 eo‘
1386 1021 1524 1079 numeri«

407 1127 601 1206 singularum
630 1141 742 1184 rerum·
760 1123 887 1189 minime
917 1124 1138 1204 immutentur,
1171 1126 1332 1189 sed.lirmi
1361 1138 1511 1191 maneant

409 1233 498 1294 velut
519 1229 611 1292 ideae
633 1229 832 1310 Platonicae,
856 1247 1030 1310 earumque
1049 1231 1444 1312 similitudine-ipsae-res
1461 1243 1512 1294 te-

409 1350 552 1404 neantur.
571 1339 696 1404 ,Nescio
717 1347 823 1409 autem
846 1358 885 1404 nn
905 1339 992 1402 hanc
1009 1358 1139 1422 quoque
1159 1361 1361 1403 numerorum
1383 1343 1510 1424 signill-

413 1451 569 1513 oationem
592 1446 768 1514 adversarii
788 1465 888 1509 eausa
902 1450 1125 1528 ,assumpserit
1148 1451 1361 1512 Heracliteus.
1376 1450 1514 1510 -Etenim

413 1577 506 1638 quom
531 1556 726 1636 Pythagorei
748 1555 891 1622 similitor
912 1565 1009 1636 alque
1039 1557 1173 1626 ltleatae
1199 1549 1334 1629 αἰωνίᾳν
1354 1544 1518 1640 διαμονὴν.

368 1676 371 1688 ’
407 1661 472 1726 τῶν
492 1659 652 1741 cooptando
673 1662 839 1742 docerent,
862 1681 952 1744 ,quae
982 1663 1107 1748 quidem
1128 1684 1194 1744 per
1221 1684 1372 1727 numeros
1395 1662 1511 1747 debat,

410 1775 551 1856 utrisque
565 1773 679 1853 opponi
701 1775 810 1837 Ionum
828 1774 1061 1854 physiologiam
1081 1793 1144 1836 uon
1158 1783 1210 1840 cst
1223 1773 1415 1836 incredibile.
1436 1776 1513 1836 Nou

409 1905 472 1968 quo
493 1886 606 1966 prioris
633 1885 839 1966 disputatoris
868 1902 990 1947 yersrrs
1022 1884 1064 1947 ad
1096 1883 1377 1967 Pythagoreorum
1408 1901 1521 1964 aeque·

408 2005 504 2078 atque
524 1995 565 2058 ad
586 1995 768 2059 Eleatarum
785 1993 958 2067 doctrinam
979 1992 1091 2057 referri
1110 1993 1253 2072 possint:
1275 2011 1387 2054 vorum
1403 1993 1523 2054 Ποιο-ί

408 2105 534 2183 olitano,
548 2121 644 2184 quum
667 2121 728 2164 non
750 2112 870 2179 certam
885 2101 1075 2182 doctrinam,
1086 2101 1145 2163 scd
1167 2105 1400 2163 sententiarum
1417 2119 1521 2162 sum--

409 2229 492 2273 marn
506 2210 691 2289 *impugnet
705 2226 776 2274 nou,
790 2207 900 2268 mirum
924 2207 954 2268 si
973 2208 1070 2268 etiam
1080 2207 1356 2288 Pythagoreorum
1378 2207 1515 2268 rationi-

409 2317 470 2378 bus
485 2315 687 2382 adversatnr.
709 2317 747 2376 ln
763 2315 877 2394 quibos
887 2333 981 2396 quum
994 2335 1196 2379 numerorum
1209 2317 1392 2379 constantio
1406 2315 1515 2398 magui

409 2426 452 2488 sit
473 2426 634 2500 momenti,
652 2426 886 2488 cacocaslone
912 2424 1010 2487 utitor
1025 2424 1066 2485 ad
1081 2424 1270 2486 irridendam
1286 2424 1514 2504 Pythagoreo-

410 2553 479 2612 rum
495 2533 681 2594 doctrioam.
694 2529 1014 2610 ltaquedialeotioorn
1029 2541 1130 2597 artem
1140 2531 1226 2594 haud
1236 2533 1385 2614 exiguam
1400 2541 1523 2594 osteu-=

340 2686 344 2694 .
411 2639 606 2706 ditiooiens
626 2620 848 2718 physiologus,
875 2636 1160 2718 quodsenteutias
1185 2657 1264 2703 suas
1292 2659 1354 2700 noo
1385 2639 1515 2720 exponit

408 2745 611 2827 simpliciter,
634 2743 692 2806 sed
720 2747 875 2806 rationem
898 2743 996 2805 habet
1016 2744 1288 2811 adversariorumt
1320 2747 1352 2809 id
1373 2747 1456 2808 euim
1481 2753 1514 2808 et

411 2858 440 2917 iu
463 2856 526 2917 hac
547 2862 747 2916 rrrrmerorum
770 2848 1005 2933 significatione
1027 2856 1166 2915 cernitur
1187 2867 1220 2916 et
1241 2858 1273 2917 in
1297 2876 1346 2929 eo,
1366 2855 1452 2936 quod
1471 2856 1514 2918 ad

410 2965 545 3025 alterins
567 2950 623 3025 dod
643 2956 707 3021 τῶν
728 2947 833 3019 αὐτῶν
854 2961 993 3039 respicit
1044 2960 1150 3037 Quam
1179 2961 1304 3023 dicendi
1327 2962 1459 3025 formam
1482 2965 1511 3024 si

413 3075 483 3153 quis
505 3081 633 3151 propter
644 3070 774 3132 Philolai
788 3071 1013 3151 fragmentum,
1022 3069 1062 3132 de
1085 3090 1147 3152 qno
1162 3090 1261 3153 supra
1282 3081 1335 3135 est
1348 3073 1512 3153 monitum,

412 3178 629 3261 Pythagoreis
652 3181 791 3239 maxime
813 3177 927 3240 tribuat
956 3188 1055 3257 atque
1076 3179 1106 3238 in
1132 3198 1172 3241 ea
1196 3198 1322 3260 quoque
1343 3180 1514 3263 signifiea-

410 3290 527 3362 tionem
551 3294 709 3368 agnoscat
732 3286 960 3367 Pythagoreae
982 3285 1212 3370 philosophiae,
1237 3306 1288 3349 me
1310 3306 1370 3349 neo
1392 3305 1512 3349 assen-

411 3396 541 3457 tientem
564 3394 680 3455 haheat
701 3411 759 3453 nec
780 3401 1019 3471 repugnantem.
1065 3392 1118 3454 Ad
1139 3393 1275 3455 eundern
1298 3392 1426 3455 modum
1448 3412 1519 3473 ege·

412 3511 540 3563 sextum
550 3518 678 3561 versum
699 3500 878 3583 emendavi,
892 3501 1097 3562 itautltalici
1112 3502 1289 3582 philosophi
1308 3501 1513 3581 confidentia,

412 3610 465 3691 qni
487 3626 565 3669 suas
588 3615 708 3668 tantum
732 3608 871 3667 rationes
894 3594 1018 3688 λόγους,
1038 3620 1148 3670 cetera
1171 3611 1275 3672 omnia
1299 3596 1397 3670 aaron
1417 3618 1516 3691 puta·

411 3728 470 3795 ret,
494 3717 604 3779 leniter
625 3715 815 3777 irrideretur.
839 3716 927 3777 'Palis
951 3716 1032 3779 onim
1049 3717 1173 3779 omniuo
1183 3718 1213 3777 in
1231 3717 1281 3784 his
1296 3716 1420 3780 duobus
1438 3734 1518 3777 cer--

411 3830 493 3888 rritnr
516 3842 636 3887 morum
659 3824 841 3887 diversitas,
885 3826 1015 3888 Italicus
1036 3845 1099 3886 uon
1120 3829 1192 3887 sinc
1213 3824 1350 3905 quodam
1373 3826 1516 3907 pondere

413 3934 532 4016 profert
554 3932 731 3995 sententias
760 3948 840 3993 snas
868 3938 1017 4012 tanquam
1050 3952 1128 4011 eas,
1163 3952 1246 4013 quac
1268 3911 1407 3995 convelli
1429 3936 1513 3996 nullo

411 4054 507 4125 paolo
531 4044 665 4125 possint,
688 4039 862 4103 iracundus
884 4040 1096 4103 excandescit
1117 4040 1157 4102 ad
1180 4042 1231 4121 id,
1261 4043 1347 4123 quod
1368 4044 1449 4105 alter
1473 4064 1516 4105 ex
1543 4068 1549 4078 ·

414 4152 541 4231 vulgari
571 4150 769 4232 mythologia
799 4150 930 4231 potitum
961 4148 1082 4211 obiicit:
1114 4150 1177 4211 hoc
1206 4150 1289 4212 enim
1311 4151 1364 4227 lit,
1389 4160 1424 4213 ut
1449 4163 1515 4215 tam

416 4258 546 4332 concise
568 4256 776 4337 respoudeat:
909 4269 913 4271 ’

433 4360 504 4437 πῶς
525 4359 567 4441 d',·
589 4350 755 4441 οἶμάχανόν
777 4362 804 4445 γ’
825 4350 897 4433 ἀπὸ,
914 4355 1008 4434 τίνος
1023 4357 1126 4445 μηδὲν
1146 4350 1220 4440 dat
1239 4358 1367 4447 πρᾶτον
1386 4352 1492 4443 μόλοι.

416 4471 669 4553 Cninsrespoosi
685 4469 810 4533 fervida
819 4469 962 4531 brevitas
973 4468 1141 4533 offernloni
1151 4471 1211 4535 luit
1222 4471 1463 4535 Casaubono
1480 4483 1514 4559 et
