3617 5650
742 765 949 829 ..29-

296 951 500 1035 Empedoclis
518 951 624 1022 νεῒκος
647 957 679 1012 et
697 936 835 1033 φιλότης
849 955 1009 1030 nequeant
1025 967 1082 1028 pro
1099 938 1245 1028 personis
1265 947 1391 1009 haberi:

294 1072 394 1144 atque
424 1059 505 1122 haud
537 1062 608 1120 scio
637 1075 678 1119 an
707 1057 794 1117 vires
820 1053 1101 1134 efficacespotius
1122 1075 1215 1135 quam
1239 1073 1393 1135 personas

298 1170 436 1232 iudicare
464 1167 610 1228 voluerit.
659 1163 738 1225 lilnd
770 1171 876 1224 tamen
909 1179 982 1222 curn
1010 1161 1117 1222 fructu
1147 1165 1313 1241 annotavit
1337 1165 1393 1225 uir

298 1279 463 1358 egregius,
487 1275 548 1334 etsi
569 1275 639 1352 ipse
662 1289 701 1332 eu
726 1272 855 1331 invento
876 1288 987 1350 parum
1005 1285 1101 1331 usus:
1125 1268 1315 1331 „Caeterum
1339 1260 1395 1330 διδ

296 1381 361 1444 τῶν
384 1373 489 1444 αὐτῶν
511 1382 593 1462 apud
617 1382 865 1462 Hippocratem,
897 1379 952 1457 qui
976 1377 1071 1438 toties
1092 1377 1209 1456 utitur,
1236 1395 1307 1439 eam
1328 1382 1394 1441 vim

300 1491 421 1553 habere
442 1491 559 1552 docent
583 1491 641 1551 viri
664 1489 761 1568 docti,
795 1496 830 1548 ut
853 1505 892 1547 ea
915 1485 1021 1565 phrasi
1043 1472 1086 1545 ιδ
1105 1476 1321 1569 περιστατικά
1341 1483 1412 1563 τινὶΙ

298 1587 558 1676 σσμπτωμιιτικδ
582 1598 679 1660 morbi
703 1597 816 1658 eadem
840 1609 916 1657 esse
936 1601 1066 1676 semper
1086 1595 1224 1657 ianuam
1278 1598 1395 1678 Aptius

299 1708 439 1768 fortasse
469 1708 616 1786 exempla
644 1706 765 1792 aliqpot
795 1707 957 1766 attulisset
983 1723 1100 1784 magno
1121 1712 1213 1784 patro
1242 1705 1397 1786 progeni·

299 1822 354 1874 tus
385 1815 487 1894 filius,
522 1835 562 1876 ue
593 1823 667 1895 post
697 1813 881 1874 viventibus
909 1811 1091 1892 perlegendi
1118 1813 1325 1893 Hippocratis
1346 1814 1398 1876 ia-

299 1921 407 1982 borcm
429 1929 564 1982 crearet.
607 1913 774 1997 Quemne
796 1919 867 1999 quis
884 1929 959 1998 post
979 1938 1030 1979 me
1044 1917 1147 1979 denuo
1160 1919 1397 1998 suscipiendum

299 2029 408 2106 (irruat,
432 2028 602 2105 ascribam,
625 2027 739 2106 quibus
761 2023 844 2086 hanc
861 2025 1012 2104 loquendi
1025 2026 1156 2086 formam
1173 2026 1256 2104 apud
1271 2026 1398 2106 Hippo-

299 2143 418 2196 cratem
433 2143 561 2194 exstaro
573 2133 708 2212 repperi,
735 2133 929 2212 paginarum
943 2149 1105 2211 numeros,
1127 2132 1244 2210 petitos
1264 2151 1307 2192 ex
1328 2130 1399 2192 edi·

299 2244 385 2302 tione
407 2241 578 2301 Foesiana.
620 2239 826 2320 Surrt'autem
846 2257 875 2317 p.
890 2237 962 2312 134,
982 2237 1050 2312 168,
1064 2237 1138 2312 909,
1149 2238 1223 2313 969,
1241 2237 1315 2313 970,
1328 2238 1399 2315 979,

303 2352 395 2426 1067,
419 2349 511 2424 1072,
536 2349 625 2423 1079,
651 2349 742 2422 1080,
767 2345 860 2421 1093,
885 2347 978 2425 1106,
1003 2344 1206 2420 11091239.
1256 2347 1401 2408 Maxime

301 2459 353 2520 iiia
365 2457 491 2540 quidem
507 2457 725 2535 frequentatur
747 2453 846 2532 primo
872 2459 905 2510 et
928 2453 1021 2512 tertio
1044 2451 1122 2511 libro
1143 2440 1347 2535 Ἐπιδημιῶν
1368 2459 1400 2515 iu

302 2556 482 2632 morborum
506 2568 784 2648 descriptionibuS,
804 2567 867 2645 ubi,
891 2567 1001 2647 inquo
1021 2576 1107 2629 statu
1123 2569 1401 2652 singulisquihus-

300 2699 362 2761 que
381 2678 490 2739 diebus
507 2677 630 2757 aegroti
648 2675 772 2750 fuerint,
794 2675 1035 2736 accuratissime
1057 2677 1234 2755 exponitur.
1257 2681 1401 2744 Eundem

301 2803 379 2847 vero
406 2803 498 2865 quem
521 2793 616 2847 antea
637 2792 754 2845 statum
777 2783 883 2864 aliquo
907 2783 958 2845 dic
980 2802 1169 2862 permanere
1190 2786 1253 2848 hac
1268 2788 1403 2852 formula

300 2892 515 2972 significatur:
538 2884 614 2971 ἕκτη
636 2878 691 2949 διδ
714 2884 777 2949 τῶν
798 2878 915 2963 αὐτῶν,
936 2877 1032 2972 ἐνάτη
1055 2880 1111 2950 διδ
1131 2886 1196 2952 τῶν
1217 2882 1322 2954 αὐτῶν
1339 2906 1402 2961 etc.

301 2999 353 3061 An
378 3016 461 3079 quae
484 2999 584 3058 verba
606 3016 700 3077 quum
725 2996 754 3057 in
772 3006 918 3076 promptu
932 2997 974 3056 sit
987 2998 1136 3076 suppiere
1152 2989 1403 3078 συμπτωμάτων

302 3112 357 3171 vei
380 3112 506 3189 potius,
538 3119 572 3171 ut
596 3110 810 3190 Hippocrateo
833 3106 934 3167 verbo
956 3114 1037 3181 utar,
1061 3101 1220 3188 σημείων,
1243 3109 1326 3170 maio
1350 3119 1402 3172 ta·
1484 3105 1489 3112 ‘

301 3241 375 3283 rnen
399 3210 454 3280 διδ
474 3216 538 3279 τῶν
559 3208 664 3280 σι’νιῶν
691 3220 731 3282 ad
759 3218 941 3308 analogiam
973 3209 1166 3279 locutionum
1197 3208 1252 3278 διδ
1279 3215 1404 3297 ταχέων

300 3336 412 3409 (quam
436 3328 561 3408 quidem
578 3327 760 3405 frequentat
774 3326 1018 3402 Hippocratem]
1041 3311 1097 3381 διά
1119 3318 1268 3404 βραχέων
1290 3326 1333 3385 ita
1355 3326 1404 3386 in·

302 3436 461 3515 teiiigere,
484 3434 601 3494 utsit:
625 3432 735 3493 eodem
760 3431 865 3511 modo,
888 3429 1000 3490 eadem
1018 3430 1149 3489 ratione.
1192 3432 1309 3510 Neque
1323 3432 1404 3492 enim

217 3600 220 3609 ,
301 3542 396 3603 aliam
420 3542 664 3619 explicationem
687 3538 836 3617 admittit,
861 3536 945 3617 quod
966 3537 996 3595 in
1020 3537 1112 3597 tertio
1129 3524 1331 3620 Ἐπιδημιῶν
1354 3544 1403 3598 est

291 3638 332 3729 η).
358 3650 440 3711 1106
460 3635 540 3730 οὖρα
562 3636 617 3708 διδ
637 3642 702 3707 τῶν
723 3634 844 3707 αδτῶνε
868 3644 978 3704 urinae
1000 3642 1112 3703 eadem
1135 3648 1265 3705 ratione.
1297 3645 1402 3725 Atque

304 3750 386 3815 haec
409 3753 537 3832 quidem
561 3756 591 3811 in
622 3748 709 3811 libris
737 3739 940 3831 Ἐπιδημιῶν
966 3748 1065 3827 primo
1095 3756 1127 3809 et
1155 3748 1262 3827 tertio,
1291 3752 1405 3829 quibus

303 3862 383 3940 ipsis
420 3860 496 3919 nulli
531 3857 649 3917 certius
684 3857 725 3917 ad
762 3876 915 3937 magnum
950 3858 1179 3937 Hippocratem
1214 3856 1405 3938 referuntur,

302 3984 450 4049 quosque
465 3968 695 4029 severissimus
712 3968 805 4027 etiam
822 3964 917 4025 iudex
933 3965 1232 4043 Hippocrateurum,
1257 3962 1404 4041 Linkius,

305 4096 362 4155 pro
394 4076 531 4154 antiquis
561 4085 650 4135 certe
679 4074 789 4135 habet:
825 4076 868 4135 ita
900 4082 933 4133 ut
963 4093 1018 4152 pro
1040 4070 1224 4151 antiquioris
1247 4075 1406 4132 sermonis

304 4182 487 4241 testimonio
511 4194 586 4241 csse
609 4180 731 4261 possint
754 4182 958 4263 gravissimo.
980 4178 1045 4240 Sed
1068 4179 1189 4258 reliqua
1207 4178 1303 4239 etiam
1320 4180 1405 4261 Hip-

304 4306 468 4373 pocratea,
493 4294 553 4353 etsi
571 4294 674 4372 paullo
691 4291 868 4351 recentiore
883 4268 1025 4367 tempore
1048 4295 1128 4367 orta,
1152 4265 1407 4347 tameussiraecc

305 4410 379 4463 sunt
402 4404 531 4479 scripta,
557 4408 590 4459 ut
614 4416 656 4458 ex
677 4398 717 4457 iis
738 4412 865 4477 quoque
887 4393 969 4454 disci
990 4400 1095 4473 queat,
1120 4392 1195 4471 quid
1217 4406 1301 4453 usus
1323 4390 1406 4451 ferat

305 4508 434 4590 liuguae
459 4504 617 4569 Graecae.
672 4504 738 4565 tam
765 4516 844 4563 vero
872 4501 902 4560 in
931 4502 1067 4579 septimo
1098 4493 1175 4563 libro
1194 4488 1406 4576 Ἐπιδημιῶν,
