3617 5650
872 753 1085 818 ..30.„

426 945 533 1026 aperio
555 963 663 1025 opere,
685 941 767 1006 idem
791 941 865 1004 illud
887 941 973 1024 qnod
994 949 1089 1004 antea
1108 945 1265 1022 reperitur
1279 959 1309 1020 p.
1323 939 1420 1002 1239:
1441 924 1525 1023 oripo

424 1039 700 1116 delenimenta
743 1052 864 1112 Eadem
887 1055 1005 1133 pagina
1025 1056 1057 1113 iu
1080 1050 1294 1131 descriptione
1314 1052 1458 1132 aegroti,
1491 1049 1523 1110 iu

424 1175 488 1238 quo
510 1166 585 1218 ante
608 1158 712 1218 luerat
735 1146 1052 1241 nooopoprjsnoellr}
1074 1146 1159 1235 μετιὶ
1178 1147 1335 1240 ἆφιινίης,
1356 1155 1419 1216 hoc
1440 1154 1524 1215 diei·

423 1273 490 1328 lur:
512 1261 567 1326 καὶ
588 1253 610 1348 ἡ
631 1254 801 1350 aucupem}
823 1256 879 1326 διὰ
899 1263 964 1327 τῶν
985 1254 1100 1342 αὐτῶν,
1123 1265 1310 1347 quodidem
1332 1261 1522 1342 nihilsigni·

422 1371 500 1434 ficet
524 1373 607 1434 aliud
633 1375 707 1435 uisi:
738 1376 908 1455 propensio
940 1375 971 1435 in
1000 1393 1144 1436 somnum
1175 1373 1288 1435 eadem
1317 1375 1458 1452 ratione,
1485 1381 1522 1431 ut

421 1481 528 1560 magis
565 1481 660 1543 ctiam
692 1481 744 1542 illa
775 1482 826 1542 vis
860 1481 1018 1542 formulae
1051 1481 1109 1542 fiat
1139 1490 1259 1562 aperta.
1309 1483 1345 1540 ln
1366 1479 1523 1550 Κωακαῖς

422 1575 626 1671 προγνώσεσι
655 1599 761 1651 autern
791 1590 840 1650 bis
857 1591 994 1652 exstat:
1022 1581 1061 1669 ei
1088 1583 1208 1653 πυκναὶ
1237 1576 1293 1649 «lari
1322 1583 1386 1647 reio
1415 1575 1523 1647 αὐτῶν

419 1682 631 1779 ὑποστροφαὶ
652 1715 681 1775 p.
708 1692 777 1776 134,
802 1715 831 1776 p.
853 1695 931 1757 209:
954 1694 986 1755 id
1009 1693 1103 1780 qued·
1114 1710 1245 1772 prorsus
1264 1693 1437 1755 convenire
1459 1711 1521 1772 ap-

421 1812 514 1884 paret
542 1823 612 1866 eum
637 1803 690 1864 illo
717 1804 871 1865 formulae
901 1821 963 1864 usu
985 1803 1016 1863 ie
1039 1803 1218 1863 morborum
1240 1800 1520 1892 descriptionibus.

419 1911 560 1973 Accedit
581 1913 668 1993 quod
689 1912 720 1973 in
742 1911 856 1973 eodem
884 1911 963 1972 libro
986 1919 1037 1973 est
1063 1899 1096 1992 p.
1119 1911 1193 1974 tos:
1227 1900 1250 1992 ἢ
1276 1894 1518 1970 consororinos

419 2013 542 2079 κοιλίαι
561 2013 710 2079 νοσέουσι
731 2007 788 2079 dre?
808 2015 873 2079 τῶν
893 2008 1000 2079 ciuem
1020 2004 1149 2094 ἰόντων,
1171 2018 1225 2078 ubi
1246 2005 1303 2076 6ιᾶ
1327 2011 1392 2075 τῶν
1413 2003 1520 2081 αὐτων

420 2117 505 2186 ἰέναι
532 2145 595 2187 non
622 2125 749 2187 differre
781 2126 965 2206 intelligitur
987 2124 1173 2205 eloquendi
1197 2122 1307 2184 formis
1328 2109 1385 2182 διιὶ
1405 2116 1520 2204 φιλίας

417 2223 502 2292 ἰέναι
532 2233 562 2294 in
585 2234 745 2294 amicitiae
773 2242 859 2294 statu
889 2252 983 2312 esse,
1016 2229 1059 2292 δι’
1087 2223 1214 2315 ἔχθρας
1240 2225 1334 2306 ἰέναι,
1354 2231 1518 2292 similibus,

417 2335 569 2398 Ceterum
594 2345 752 2418 cognatae
781 2338 958 2398 locutiones
979 2338 1010 2397 in
1032 2337 1258 2417 Hippocrateis
1279 2344 1354 2398 suut
1373 2324 1416 2397 cti
1436 2324 1519 2396 αιίιᾶ

417 2464 448 2524 p.
469 2445 547 2521 744,
580 2446 678 2524 1142,
710 2435 793 2506 κατιέ
820 2434 861 2506 τοὶ
888 2434 972 2506 αὐτοὶ
996 2465 1025 2526 p.
1048 2446 1129 2524 744,
1157 2446 1238 2522 745,
1268 2444 1342 2505 item
1372 2438 1452 2526 napi
1476 2431 1520 2503 cti

415 2539 516 2628 αὐτοὶ,
551 2552 635 2633 qued
667 2551 790 2632 quidem
821 2555 854 2614 in
884 2554 983 2613 morbi
1015 2552 1229 2631 descriptione
1256 2553 1287 2611 in
1316 2553 1410 2613 terlio
1437 2550 1542 2612 libro‘

413 2645 617 2740 Ἐπιδημιῶν
638 2678 668 2738 p.
694 2658 775 2721 1066
803 2678 867 2722 ueu
894 2661 989 2721 aliter
1015 2668 1114 2739 atque
1141 2659 1222 2720 alias
1249 2645 1307 2719 6ιᾶ
1325 2654 1390 2718 τῶν
1411 2646 1518 2719 αὐτῶν

413 2751 593 2845 usurpatur.

496 2875 611 2955 ltaque
640 2891 736 2954 quum
766 2891 844 2937 usus
870 2874 999 2957 linguae
1022 2870 1171 2936 Graecae
1199 2874 1282 2936 illam
1312 2892 1429 2937 vocum
1459 2862 1517 2935 6ιᾶ

410 2976 475 3041 τῶν
495 2970 601 3041 αὐτῶν
623 2984 890 3065 significationem
922 2986 1146 3045 corroborasse
1175 2984 1344 3067 videatur,
1378 2983 1515 3045 eandem

413 3090 571 3169 oportebit
594 3090 634 3149 arl
657 3108 714 3149 ees
737 3092 827 3151 locos
849 3091 1030 3172 transferri,
1063 3110 1192 3171 quorum
1216 3090 1330 3152 dubius
1355 3103 1430 3153 esse
1451 3110 1514 3172 pu-

416 3202 483 3255 test
516 3196 707 3257 intellectus.
768 3196 804 3257 ld
837 3197 919 3279 quod
952 3201 1136 3261 necessario
1164 3200 1367 3261 statuendum
1398 3210 1449 3261 est
1473 3200 1515 3261 de

410 3300 590 3383 fragmento
612 3302 745 3365 Philolai
764 3305 1034 3395 apudSlobaeum
1047 3306 1111 3367 Eel.
1125 3306 1178 3387 ph.
1188 3304 1268 3368 360:
1291 3308 1323 3369 iu
1344 3327 1405 3388 que
1427 3308 1514 3389 quod

412 3408 594 3472 Boeekhins
617 3400 673 3471 (1ιᾶ
696 3408 759 3471 orric
780 3400 885 3471 αὐτῶν
907 3412 946 3473 de
969 3416 1102 3475 materia
1122 3416 1288 3495 intellexit,
1312 3426 1345 3475 ut
1366 3419 1513 3496 superius

410 3526 443 3575 et
472 3516 605 3576 inferius
637 3517 902 3596 hemisphaerium
935 3540 977 3579 ex
1010 3520 1122 3581 iisdem
1157 3522 1252 3583 rebus
1282 3533 1431 3584 constare
1460 3523 1513 3583 di-

410 3630 543 3703 eantur,
567 3640 644 3683 usus
667 3632 718 3683 est
741 3624 973 3705 significatione
997 3627 1239 3713 praepositionis
1264 3616 1330 3703 διιὶ,
1352 3648 1434 3709 qnae
1454 3648 1514 3690 re·

411 3726 585 3789 cantiorum
616 3730 742 3808 propria
774 3736 825 3791 est
852 3733 1049 3821 scriptorum.
1100 3734 1221 3796 Verum
1249 3736 1318 3829 eius
1340 3736 1512 3817 fragmenti

408 3834 712 3915 interpretationem,
735 3836 808 3919 quia
831 3856 902 3899 eum
927 3842 1086 3919 multiplici
1109 3843 1279 3904 coniuncta
1294 3850 1347 3903 est
1362 3842 1512 3923 disputa-

408 3940 503 4013 tione,
529 3942 680 4003 excursui
702 3961 870 4005 reservare
889 3946 980 4006 malo.
1024 3950 1102 4009 ltem
1124 3950 1153 4009 in
1169 3968 1219 4030 eo,
1243 3966 1335 4031 quem
1359 3969 1418 4011 nos
1440 3960 1510 4011 tra·

408 4055 545 4128 ciamus,
569 4051 749 4129 Epicharmi
772 4070 871 4112 versu
893 4040 949 4110 (1ιὰ
967 4050 1031 4113 stov
1052 4042 1158 4115 αὐτῶν
1180 4057 1255 4117 nihil
1277 4047 1384 4138 potes't
1404 4058 1510 4139 signi-

406 4154 504 4214 lioare
527 4156 622 4235 eliud,
646 4157 707 4217 nisi
726 4144 819 4232 τάδε,
840 4174 1050 4240 quaecunque
1072 4180 1111 4222 ea
1133 4174 1219 4243 sunt,
1242 4180 1370 4243 semper
1394 4164 1508 4226 eadem

405 4260 587 4347 rationffise
607 4262 743 4329 haberet
774 4284 911 4345 quocum
933 4270 1090 4348 conciuit,
1116 4269 1199 4349 quod
1222 4271 1252 4331 in
1274 4270 1386 4354 eedem
1409 4290 1509 4334 versu
1556 4246 1563 4253 ’

392 4356 532 4448 'semper
553 4360 651 4447 ὅμοια
676 4392 751 4435 esse
772 4374 927 4438 dicuntur.
970 4376 1015 4437 At
1036 4394 1191 4457 quaenam
1213 4388 1288 4441 sunt
1307 4368 1426 4445 coba?
1452 4380 1508 4443 Atl

404 4476 639 4539 substantivum
662 4479 808 4560 aliquod,
835 4481 919 4562 quod
942 4481 972 4546 in
994 4486 1197 4567 praegressis
1220 4485 1355 4549 necdum
1379 4488 1507 4551 relicuis

685 4979 982 5293 L.
