3617 5650
620 753 924 818 „53-

272 939 430 1004 'versinus
452 944 638 1006 translatum
663 961 738 1002 esse
760 949 886 1023 potant:
909 942 980 1022 qui,
1001 941 1031 1002 si
1052 947 1104 1002 est
1126 963 1168 1004 ex
1189 938 1372 1020 Epicharmi

276 1051 375 1132 poesi.
391 1059 552 1131 sumptus,
576 1071 595 1112 o
618 1051 671 1112 taii
694 1063 782 1111 oerte
802 1051 873 1112 looo
896 1047 998 1131 fluxit,
1021 1067 1083 1130 quo
1097 1051 1374 1132 Pythagoreorum

239 1181 244 1196 ·
277 1161 467 1219 sententiam
498 1162 646 1238 exposuit
676 1161 827 1220 comicus.
880 1157 1009 1222 Verumx
1035 1156 1175 1217 fortasse
1205 1163 1374 1236 propterea

277 1272 398 1326 tanturn
417 1261 599 1344 ‘Eipieharmi
623 1282 738 1324 nomen
759 1281 820 1324 suo
843 1261 1076 1343 operi‘iinnius
1097 1260 1195 1343 dedit,
1217 1265 1294 1344 quia
1317 1260 1374 1324 Si·

277 1373 366 1434 culus
403 1375 581 1434 recentiore
620 1381 763 1451 temporo
798 1383 950 1451 tanquam
984 1370 1119 1452 insignis
1147 1370 1377 1451 Pythagoreus

172 1506 177 1515 ·
276 1479 441 1562 inclaruit,
469 1499 531 1541 non
552 1496 616 1560 quo
639 1495 730 1539 omne
752 1487 974 1561 argumentum
996 1496 1038 1539 ex
1058 1478 1282 1557 Epiohaimeis
1303 1479 1378 1540 fon-

278 1586 382 1666 tibus,
412 1587 497 1648 sive'
517 1585 693 1661 oomoediis
713 1585 990 1664 sivwexeerptis,
1012 1584 1174 1647 derivarit.
1215 1584 1285 1648 Sed
1305 1605 1378 1648 eam

278 1711 345 1754 rem
367 1705 496 1774 propter
512 1692 791 1773 tipioharmoorum
808 1689 926 1770 pariter
938 1698 1036 1770 atque
1048 1692 1274 1768 tinnianorom,
1296 1710 1378 1774 quae

278 1799 372 1862 hodie
394 1808 585 1880 supersunt,
614 1799 810 1879 paucitatem
838 1802 871 1860 iu
899 1815 1058 1878 suspenso
1087 1799 1261 1880 relinquere
1279 1800 1382 1862 setius

280 1907 347 1968 erit.
393 1907 515 1968 Verum
528 1917 574 1968 ut
594 1907 647 1968 irio
668 1906 842 1968 Eleaticum
865 1906 1058 1968 seutentiam
1079 1907 1211 1986 exponit
1222 1907 1382 1987 npiotrar-
1428 1895 1439 1906 ’

280 2015 431 2096 mus‚·ita
454 2012 878 2096 Pythagorearn·siguiiioat
898 2015 1154 2076 oeleitratissimo
1175 2024 1292 2077 versu:
1323 2067 1327 2070 .

365 2169 440 2246 νοῦς
461 2159 525 2256 ὁρῇ
544 2167 598 2232 λαὶ
620 2165 695 2244 νοῦς
715 2158 835 2248 ἀκούοι,
856 2159 961 2232 τᾶλλο
982 2160 1078 2255 κωφοὶ
1099 2168 1153 2260 nni
1175 2161 1294 2258 τυφλά,

283 2329 323 2392 de
347 2349 411 2411 quo
435 2333 568 2410 egregia
591 2328 732 2410 disputat
751 2330 1002 2393 Weinkerns
1025 2329 1254 2413 p.353annot.r
1277 2332 1385 2395 »Ver-

282 2437 435 2500 muthiieh
456 2456 525 2498 war
546 2437 602 2498 der
624 2437 783 2500 bekannte
807 2437 837 2498 V
839 2455 908 2498 ers:
935 2423 1010 2509 νόος
1028 2470 1067 2484 ·-
1085 2424 1204 2521 τυφλά,
1224 2439 1308 2500 stati
1328 2442 1387 2502 urit

283 2549 388 2606 einem
410 2543 701 2624 Xenophnnisohen
721 2533 1057 2623 iibereinzustimmeu,
1083 2545 1240 2606 vieimehr
1260 2536 1309 2616 εἰς
1323 2539 1387 2612 Ξε-

286 2636 428 2734 νοφάνην
448 2658 581 2732 gesagt
599 2649 662 2712 und
690 2667 795 2731 gegen
827 2649 947 2712 dessen
971 2649 1161 2732 Aussprueir
1190 2651 1248 2713 bei.
1264 2651 1388 2715 Sextus

271 2758 358 2821 adv.
385 2756 487 2821 Math.
505 2757 540 2838 9,
567 2757 642 2820 tm:
687 2741 783 2828 οὖλος
804 2743 877 2839 ὁρᾷ,
894 2742 989 2829 οὖλος
1010 2752 1047 2820 δὲ
1069 2757 1153 2835 νοεῖ,
1181 2744 1277 2832 οὖλος
1296 2753 1335 2820 δέ
1354 2759 1386 2819 r'

285 2852 407 2929 α’κούει.
429 2864 613 2925 Besonders
633 2865 699 2925 tritt
723 2862 1027 2949 diesesseziehung
1050 2866 1177 2941 berver,
1197 2886 1293 2931 wenn
1314 2877 1387 2928 man

287 2978 446 3055 badenim,
477 2973 555 3036 dass
585 2985 622 3035 es
651 2970 840 3035 Grundsatn
865 2972 924 3035 des
947 2972 1166 3055 Xenophanes
1194 2992 1385 3037 warnorum

286 3104 359 3147 aare
379 3087 499 3154 omnia,
530 3100 632 3162 neque
657 3084 693 3143 aa
717 3102 788 3143 erae
809 3085 959 3145 mutabile
986 3092 1019 3145 et
1044 3088 1080 3145 r‘d
1098 3099 1171 3147 eoae
1189 3088 1282 3150 deum
1302 3085 1386 3161 [Cic.

289 3193 424 3271 Quaest.
446 3189 548 3251 Auad.
571 3190 602 3271 4,
625 3187 693 3269 37),
717 3190 851 3251 wonauh
873 3190 942 3251 aisn
965 3199 1057 3253 unter
1079 3178 1175 3265 οὖλος
1194 3182 1260 3277 ὁρᾷ
1280 3196 1386 3264 nients

286 3304 405 3369 andres
426 3305 476 3365 ais
496 3301 555 3364 das
572 3302 634 3371 nit,
659 3298 739 3361 Gott
761 3316 803 3360 zu
825 3298 979 3360 verstehn
1001 3299 1059 3377 ist,
1082 3307 1166 3361 totns
1187 3308 1384 3378 catacoeno,
1493 3371 1500 3388 Ι

272 3416 483 3474 notaremur
506 3419 579 3489 eat,
604 3409 661 3469 wie
683 3406 803 3468 Plinius
822 3406 855 3488 7,
877 3406 900 3467 2*
917 3414 1004 3487 sagt.
1049 3406 1158 3468 tianer
1176 3408 1231 3469 hat
1250 3408 1387 3488 Sextus,

275 3522 396 3583 iridem
418 3527 565 3601 arr-sagn
594 3508 624 3577 εἰ
653 3503 718 3598 peip
739 3503 808 3575 ε”οτι
830 3502 870 3574 ari
889 3514 1002 3590 θεῖον,
1029 3502 1114 3591 ζῶόν
1133 3509 1231 3579 ἐστιν·
1254 3511 1286 3579 εἰ
1306 3506 1390 3594 ζῶόν

290 3622 395 3705 ἐστιν,
422 3615 485 3711 ὁρᾷ
505 3614 595 3700 ὅλος,
626 3609 801 3693 εοὶοὸλος·
817 3622 873 3684 mit
902 3622 1103 3705 Anspieiung
1132 3624 1191 3685 aui
1213 3624 1274 3687 den
1302 3625 1391 3689 Vens

290 3746 440 3819 gesetzt,
472 3734 619 3815 obgloieir
644 3752 678 3793 er
705 3745 742 3795 es*
776 3732 862 3799 nieht
882 3734 933 3794 ais
955 3733 1153 3813 perstintieh,
1183 3732 1320 3795 sondem
1341 3735 1391 3795 ais

289 3834 447 3907 orithion*
467 3846 558 3906 fasst.
589 3840 741 3904 Deutiioh
762 3840 851 3921 zoigt
873 3840 930 3902 der
951 3842 1079 3905 Zusatz
1098 3831 1201 3904 τᾶλλα
1222 3829 1319 3924 κωφοὶ
1338 3838 1393 3903 καὶ

290 3942 399 4039 τυφλά
412 3953 473 4016 ‚die
493 3953 692 4035 polemisehe
715 3952 904 4033 Beziehung
928 3951 1007 4011 oder
1028 3951 1082 4011 die
1103 3951 1297 4032 atigemeine
1318 3952 1391 4031 phi-

292 4062 499 4145 losophiseire
521 4062 714 4139 Bedeutung
742 4058 799 4120 tier
821 4058 969 4122 Satzasn
1021 4060 1134 4139 Itaque
1152 4061 1286 4141 ‘saepius
1307 4061 1393 4122 iiiam

267 4244 269 4251 ,
293 4175 546 4238 controversiam
567 4172 717 4255 attigisse
737 4171 951 4251 Epicharmus
972 4170 1119 4249 videtur,
1149 4185 1286 4250 quonum
1310 4188 1392 4232 eon·-

294 4285 388 4361 oinit,
421 4282 504 4362 quod
537 4280 706 4343 homanum
737 4279 873 4341 animum
904 4287 1135 4357 postmortem
1158 4280 1189 4339 in
1211 4280 1392 4341 universam

295 4384 1394 4469 mentemredireePythagoreorurnsententiasignificatfragmento,

297 4495 379 4579 qnod
402 4502 452 4558 ost
475 4494 557 4576 apud
578 4494 782 4559 Plutarohum
806 4492 938 4555 Consoi.
960 4491 1010 4553 ad’
1024 4492 1126 4573 Apoil.
1149 4512 1179 4572 p.
1206 4492 1282 4556 ttuz
