3617 5650
872 793 912 804 -
957 691 1079 823 124

434 967 528 1030 quam
551 947 635 1028 quod
655 918 695 1009 ins
711 947 773 1008 line
795 945 994 1026 singularum
1024 945 1121 1006 etiarn
1147 943 1345 1025 dipodiarum
1374 934 1533 1028 puriorem

434 1074 568 1119 servare
600 1057 720 1117 numeri
746 1055 940 1136 gravitatem
969 1053 1169 1118 studuerunt.
1201 1055 1357 1116 'Eandem
1379 1056 1534 1117 rationem

431 1165 539 1246 hahet,
563 1163 646 1244 quod
668 1163 767 1242 prima
790 1161 916 1241 dipodia
938 1162 1036 1222 multo
1058 1161 1166 1240 plures
1189 1162 1365 1223 solutiones
1387 1165 1533 1244 reoipere

430 1273 513 1330 solet
526 1287 620 1349 quam
635 1265 794 1328 secunda:
812 1267 953 1346 quintam
966 1274 1072 1327 autem
1084 1268 1181 1327 arsim
1196 1269 1328 1345 saepius
1341 1269 1423 1329 solvi
1436 1287 1532 1348 quam
1603 1263 1606 1269 ’

430 1382 595 1460 'septimam
619 1377 762 1458 sequitur
784 1396 826 1436 ex
847 1375 899 1450 iis,
914 1395 995 1456 quae
1015 1395 1111 1454 supra
1133 1376 1175 1436 rle
1195 1377 1352 1456 septimae
1374 1380 1456 1438 arsis
1472 1397 1532 1439 so-

429 1487 549 1548 lutione
572 1495 646 1546 sunt
668 1485 847 1564 disputata,
878 1488 965 1545 utin
994 1485 1203 1546 hemistichiis
1230 1505 1357 1566 qunque
1394 1486 1530 1546 similem

429 1588 599 1656 'observari
613 1595 719 1674 legem
735 1601 897 1674 appareat.
920 1595 969 1654 lta
983 1593 1102 1654 foetum
1115 1593 1361 1668 est,utorunium
1378 1593 1532 1672 frequen-

429 1695 552 1764 tissime
574 1702 674 1780 prima
697 1709 729 1762 et
751 1701 859 1781 quinta
882 1702 965 1762 arsis
988 1703 1027 1762 ab
1050 1703 1171 1763 Atticis
1192 1703 1410 1780 solverentur,
1433 1699 1532 1760 multo

429 1809 530 1870 rarius
552 1815 696 1872 ceterae:
718 1807 748 1869 irl
770 1809 856 1890 quod
877 1809 974 1869 facile
995 1811 1025 1870 in
1047 1813 1163 1890 quavis
1180 1808 1407 1888 Aristophanis
1422 1807 1532 1868 fabula

430 1913 684 1977 animadvertere
706 1917 800 1978 linea·
814 1916 1065 1997 lambographos
1077 1915 1117 1976 ab
1130 1916 1192 1978 hae
1202 1934 1328 1997 quoque
1341 1915 1533 1996 quaestione

430 2023 603 2085 excludere
624 2021 813 2104 praestabit,
831 2041 892 2083 non
914 2033 977 2083 tam
993 2031 1124 2102 propter
1144 2023 1396 2104 fragmentorum
1417 2022 1533 2102 panei-

421 2133 539 2206 'ta'terh,
563 2149 657 2212 quam
680 2133 754 2212 quia
775 2131 819 2192 illi
843 2131 942 2193 inulto
972 2131 1072 2191 rarius
1093 2130 1125 2190 in
1151 2129 1242 2191 dnas‘
1263 2131 1381 2191 breves
1402 2137 1533 2190 vertunt

427 2225 542 2321 loirgas
562 2239 713 2319 syllabas.
761 2227 914 2300 Ceterum
937 2237 1038 2300 Salon
1060 2237 1091 2297 iu
1112 2235 1310 2316 quindecim,
1335 2235 1390 2316 qui
1412 2253 1531 2315 snper-

384 2356 390 2371 *
428 2345 512 2419 sunt,
536 2343 687 2406 ver-sibus
709 2345 758 2406 bis
771 2345 885 2407 solvit
906 2344 1038 2423 primam
1060 2345 1171 2420 arsim,
1194 2342 1332 2424 reliquas
1353 2359 1531 2422 nunqnam:

428 2445 640 2513 hrohilouhus
663 2452 693 2512 iu
710 2452 937 2534 quinquaginta
954 2451 1265 2532 quinque-versibus
1284 2451 1418 2529 primam
1433 2453 1530 2511 araim

425 2558 496 2637 his,
517 2559 617 2619 semel
641 2557 778 2638 quintam
812 2557 911 2618 habet
938 2557 1098 2636 solutam,
1120 2563 1289 2634 praeterea
1321 2554 1372 2615 bis
1391 2563 1531 2634 sextam,

407 2665 528 2726 ''semel
549 2667 684 2725 tertiam.
707 2663 814 2740 Quum
837 2679 919 2724 vero
940 2681 1048 2722 eorum
1070 2679 1238 2740 uersuum,
1267 2661 1382 2739 quihus
1402 2669 1529 2722 sestam

426 2772 523 2833 arsim
543 2773 664 2853 solvit,
686 2770 773 2832 alter
795 2788 815 2831 a
834 2769 962 2831 nomffne
987 2767 1113 2848 proprio
1134 2770 1375 2830 exeusationem
1397 2767 1530 2833 habeatt

505 2871 564 2939 *ei
584 2868 648 2963 peip
668 2864 712 2940 ὦν
732 2872 806 2957 ἐμοὶ
824 2872 951 2959 γένοιτο
973 2877 1069 2961 χεῖρα
1089 2863 1278 2960 Νεοβούλης
1299 2876 1422 2957 &tysim

427 2986 512 3049 haud
530 2988 600 3047 sain
631 3006 671 3047 an
702 2987 915 3047 Arohiloahus
943 2986 1214 3065 quoqneprimae
1235 2994 1269 3045 et
1294 2984 1422 3064 quintae
1441 2983 1526 3043 arsis

427 3093 620 3153 solutionem
644 3091 877 3171 quodammodo
891 3092 1007 3153 ueteris
1029 3091 1221 3171 praetulerit
1244 3090 1312 3153 Sed
1326 3090 1530 3169 hoepropter

428 3200 647 3279 exemplorum
660 3201 820 3259 raritatem
831 3197 1008 3258 nonnusim
1020 3194 1196 3259 affirmaret
1207 3206 1253 3258 at
1264 3200 1299 3260 in
1309 3214 1407 3259 soona
1418 3198 1529 3260 Atrion

429 3315 464 3368 ut
482 3310 616 3386 saepius
635 3306 807 3367 solvuntur·
827 3305 944 3385 longae
965 3304 1122 3384 syllabae,
1138 3303 1182 3365 ita
1203 3307 1300 3365 etiam
1315 3305 1399 3367 hane
1421 3306 1527 3395 legem

428 3416 555 3477 servari
577 3414 731 3475 videmus.
756 3412 877 3475 Contra
889 3413 1129 3493 Epicharmum,
1137 3415 1198 3473 etsi
1214 3417 1249 3495 in,
1259 3414 1359 3493 prima
1380 3421 1413 3473 et
1421 3412 1529 3492 quinta

426 3520 508 3582 selle
529 3520 614 3581 haud
637 3533 709 3579 raro
733 3520 923 3579 trihraohum
946 3524 1062 3599 posuit,
1076 3529 1183 3581 tamen
1205 3524 1300 3583 etiam
1323 3518 1527 3599 pariumsyl-

424 3628 570 3689 labarum
595 3627 751 3689 solutione
774 3626 858 3687 hand
881 3630 983 3687 minus
1008 3626 1200 3688 delectatum
1229 3646 1305 3689 esee
1328 3627 1528 3705 intelligitus:

428 3752 501 3795 nam
523 3732 555 3793 in
574 3734 629 3811 iis,
640 3731 682 3792 de
704 3732 818 3811 quibus
836 3749 895 3792 nus
915 3732 1055 3814 agimus,
1069 3741 1177 3794 oertae
1193 3735 1324 3815 originis
1339 3731 1528 3813 fragmentis

429 3839 560 3919 primam
583 3836 678 3897 araim
701 3834 919 3897 solvitdeeies
943 3845 975 3896 et
986 3838 1166 3918 quinquies,
1180 3838 1288 3902 decies
1303 3838 1455 3919 quintam,
1466 3856 1529 3901 ve.-

429 3961 497 4005 rum
524 3944 699 4007 secundam
728 3942 855 4025 (lenies,
870 3953 1024 4021 :quartam
1060 3946 1172 4009 demes
1201 3955 1234 4010 et
1253 3948 1380 4025 sexies,
1401 3954 1530 4012 sextam

425 4050 612 4114 duodecies.
636 4052 699 4112 Pro
722 4051 984 4113 tertietroohaeo
996 4054 1046 4115 bis
1061 4064 1183 4117 tantum
1207 4060 1316 4135 posuit
1326 4053 1526 4118 tribrachum·

424 4160 541 4239 itaque
563 4164 625 4221 etsi
647 4160 729 4223 nrrtto
751 4166 847 4239 paeto
859 4158 976 4220 vitavit
988 4162 1112 4239 primae
1133 4172 1166 4223 et
1187 4162 1418 4244 quintae-arsis
1437 4164 1528 4223 sola—

422 4272 545 4333 tionem
556 4314 568 4352 ,
592 4279 695 4333 tamen
719 4290 789 4333 eam
812 4270 1009 4353 nequaquam
1043 4272 1236 4352 praetulisse
1257 4270 1384 4331 videtur
1409 4269 1528 4333 ueteris

418 4376 646 4447 'solutionibus
665 4378 819 4439 ut=Attiol
842 4382 974 4459 poetae:
997 4378 1270 4439 uel.maxime.est
1292 4383 1399 4439 autem
1419 4384 1527 4441 etten-

368 4536 371 4543 .
418 4482 564 4545 :deridum
587 4482 631 4545 ad
649 4484 844 4565 frequentem
860 4483 1528 4657 quauwbtionmflammillam
1584 4557 1588 4564 ⁴
