3617 5650
920 787 1126 850 ..18-

564 976 674 1052 ltaque
695 988 791 1051 quum
807 988 849 1031 ex
864 950 1003 1051 gennirra
1018 959 1197 1050 E‘picharmi
1220 975 1309 1052 poesi
1322 973 1489 1038 videamus
1512 973 1574 1034 hos

477 1099 593 1144 versus
615 1082 773 1142 Alcimum
795 1078 961 1158 hausisse,
989 1079 1088 1140 maior
1117 1079 1177 1140 iam
1201 1081 1306 1143 eidem
1328 1084 1444 1163 poterit
1464 1081 1574 1160 haberi

473 1188 556 1251 lidos
578 1187 669 1249 iniis
691 1184 891 1266 fragmentis,
915 1202 997 1263 qnae
1022 1191 1186 1263 praeterea
1205 1205 1246 1249 ex
1257 1187 1450 1268 Epicharmo
1467 1188 1573 1250 affort.

475 1298 612 1378 Reliqua
633 1305 708 1356 smrt
731 1295 815 1354 enim
837 1291 921 1372 apud
945 1293 1122 1371 Diogenem
1146 1293 1205 1354 tria
1228 1294 1408 1375 fragmenta
1430 1296 1575 1358 iambicis

474 1409 626 1471 trimetris
637 1407 828 1486 conscripta,
842 1401 1018 1484 eademque
1033 1407 1108 1464 item
1124 1423 1165 1466 ex
1180 1405 1306 1468 Alcimo
1322 1420 1465 1488 sumpta:
1489 1427 1573 1488 quae

472 1514 598 1597 quidem
621 1534 720 1590 nnnc,
750 1511 898 1592 quoniam
929 1511 1027 1570 minor
1054 1511 1197 1590 suspicio
1226 1513 1365 1576 nascitur
1391 1535 1434 1575 ex
1455 1515 1572 1576 Alcimi

473 1625 685 1700 auctoritate,
715 1628 825 1680 nostro
846 1622 916 1678 inre
939 1617 1128 1696 Epicharmo
1149 1619 1365 1702 ascribemus,
1395 1621 1498 1682 donec
1529 1643 1571 1682 ex

471 1731 649 1812 argumenti
680 1727 801 1788 ratione
830 1730 1021 1788 contrarium
1052 1721 1226 1787 evincotirr.
1281 1729 1421 1790 Accedit
1451 1738 1574 1803 autem,

468 1836 553 1920 quod
582 1837 614 1896 in
643 1835 693 1895 his
719 1853 845 1915 quoqne
867 1832 1017 1893 versibus
1039 1831 1196 1912 quandam
1219 1829 1310 1894 metri
1331 1834 1570 1896 similitudinem

469 1963 542 2006 cnm
566 1943 752 2022 exploratae
780 1938 853 1998 {idei
883 1937 1072 2017 fragmentis
1100 1935 1340 2016 deprehendere
1365 1940 1457 2002 lieet:
1486 1960 1572 2020 quae

469 2052 529 2109 etsi
550 2067 614 2108 non
636 2048 718 2107 satis
739 2042 889 2104 momenti
910 2041 1006 2102 habet
1028 2040 1070 2102 ad
1085 2041 1362 2104 demonstrandam
1375 2047 1569 2111 sententiam

469 2156 511 2217 de
531 2159 672 2237 genuina
694 2153 805 2214 horum
828 2149 1076 2232 fragmentorum
1100 2153 1243 2231 origine,
1274 2152 1463 2212 lame'n'iam
1487 2173 1570 2214 con-

466 2270 593 2341 ceptam
615 2258 806 2319 sententiam
830 2273 890 2316 non
913 2251 1301 2332 potcstnonconlirmarc.
1325 2255 1450 2316 Etenim
1473 2275 1567 2336 quum

467 2369 498 2429 in
521 2365 699 2429 condendis
723 2364 883 2441 trimetris,
909 2371 943 2421 nt
966 2381 1027 2442 quo
1050 2364 1139 2422 metri
1161 2382 1281 2443 genere
1305 2365 1422 2443 passim
1445 2373 1565 2426 tantum

467 2491 546 2536 usus
569 2474 622 2551 sit,
651 2470 804 2532 minorem
828 2485 922 2548 quam
945 2467 977 2526 in
1008 2466 1178 2527 trochaicis
1212 2471 1353 2528 numeris
1381 2477 1481 2530 artem
1505 2490 1566 2550 po-

466 2583 573 2642 suisse
594 2578 806 2658 Epicharmus
829 2575 989 2652 rideatur,
1011 2575 1130 2634 factum
1149 2582 1212 2654 est,
1236 2583 1270 2634 nt
1285 2576 1424 2636 maxime
1440 2578 1471 2638 in
1488 2595 1566 2638 cae-

463 2705 563 2749 surae
585 2685 712 2765 legibns
733 2683 833 2762 longe
855 2681 953 2740 distet
983 2681 1022 2740 ab
1047 2681 1226 2742 Atticorum
1257 2684 1436 2765 elegantia,
1468 2703 1564 2764 qnam
1652 2685 1653 2742 ζ

463 2796 536 2855 eius
559 2809 678 2854 versus
699 2808 815 2871 magna
827 2807 869 2851 cx
885 2796 975 2869 parte
992 2799 1119 2851 careant
1133 2806 1276 2854 caesura.
1321 2791 1443 2855 Verum
1468 2811 1562 2873 quum

463 2905 567 2963 rarius
582 2900 733 2961 adhibeat
747 2897 923 2980 legitimam
943 2912 1063 2956 versus
1080 2896 1211 2956 trimetri
1226 2914 1405 2978 caesuram,
1427 2898 1562 2978 penthe-

463 3013 625 3073 mimerem
638 3007 723 3084 dico,
745 3015 851 3065 tamen
867 3004 985 3063 eximie
999 3003 1178 3065 delectatus
1193 3022 1269 3065 esse
1282 3004 1412 3065 videtur
1427 3024 1562 3067 caesura
1651 3014 1652 3025 ¹

463 3112 746 3195 hephthemimeri,
776 3108 817 3169 de
840 3126 905 3187 qua
928 3106 1090 3167 Personas
1113 3110 1178 3189 egit
1200 3101 1363 3187 praefsad
1385 3112 1461 3174 Eur.
1483 3113 1560 3175 Hec.
1651 3110 1652 3132 ¹

461 3243 492 3303 p.
505 3220 556 3282 25.
585 3219 621 3280 ld
643 3217 728 3299 quod
750 3216 951 3295 apertissime
974 3216 1121 3295 cernitur,
1144 3218 1171 3277 si
1193 3217 1253 3279 hos
1275 3236 1392 3279 versus
1413 3228 1560 3297 spectes:

541 3318 660 3409 βρέμει
681 3316 743 3400 μὲν
762 3307 932 3403 ὁροίρυγξ
953 3309 1073 3395 ἔνδοθ’,
1091 3318 1096 3400 Ι
1115 3308 1240 3405 ἀραβεῖ·
1257 3310 1310 3383 δὀἱ
1330 3310 1455 3402 γνάθος
1650 3302 1651 3317 ’

546 3426 632 3505 σίζει
653 3425 690 3490 δὲ
712 3421 941 3512 ταῖς-ῥίνεσσι,
959 3425 965 3506 Ι
984 3426 1066 3487 κινεῖ
1086 3423 1115 3485 d’
1137 3418 1240 3489 οἷίανα
1269 3448 1272 3455 ’

545 3529 602 3603 τόν
622 3531 747 3621 ῥᾳδίως
769 3531 864 3619 λαψῇ
884 3521 934 3593 τί·
953 3530 959 3609 Ι
977 3528 1083 3593 καίτοι
1102 3530 1155 3594 νῦν
1176 3524 1219 3617 yoi
1240 3538 1306 3620 θην

545 3637 662 3711 εὔωνον
685 3636 770 3706 αἰνεῖ
790 3641 891 3703 σῖτον·
909 3638 915 3719 Ι
933 3629 1005 3700 ἄλλ’
1027 3630 1135 3717 ἔμπας
1155 3634 1215 3703 ὅδε
1271 3620 1275 3628 “

544 3732 742 3819 contendito
764 3747 812 3829 opi
832 3745 939 3823 λῶντι,
958 3747 962 3828 Ι
981 3744 1116 3809 καλέσαι
1138 3747 1203 3817 δεῖ,
1210 3742 1307 3831 μόνον

543 3858 598 3926 καὶ
618 3856 666 3943 τῷ
686 3879 726 3940 γα
747 3852 832 3941 μηδὲ
853 3854 949 3917 λῶντι
970 3856 975 3937 Ι
993 3847 1108 3919 κοίνδὲν
1130 3857 1184 3921 dei
1203 3858 1314 3923 καλεῖν

541 3958 562 4056 ἦ
583 3955 799 4050 παμπόνηρον
820 3953 916 4050 ὄψον,
934 3964 939 4043 Ι
958 3950 986 4023 ὦ
1006 3961 1076 4041 πᾶν,
1098 3954 1115 4026 ὁ
1137 3962 1271 4050 γέρανος

540 4068 598 4139 οὐκ
620 4068 690 4138 ἔστι
711 4061 919 4158 διθύραμβος
936 4071 941 4154 Ι
960 4063 1029 4151 ὅκχ’
1050 4063 1139 4158 ὕδωρ
1161 4070 1249 4157 πίῃς.

542 4186 634 4247 Unde
657 4184 809 4265 colligas,
837 4182 932 4243 etiam
955 4182 1034 4241 alios
1058 4200 1191 4262 versus,
1222 4182 1262 4244 de
1282 4187 1395 4266 quibus
1415 4190 1555 4263 dubitari

458 4289 571 4371 possit,
592 4308 668 4351 esse
691 4308 746 4368 por
767 4286 1070 4366 hephthemimerem
1094 4286 1286 4368 efferendos,
1308 4294 1414 4353 velut:

519 4382 580 4465 ,ἇς
602 4384 642 4454 κά
663 4393 697 4472 μ’
719 4387 860 4477 ἄκρατος
881 4381 969 4465 οἶνος
987 4391 991 4474 Ι
1010 4384 1150 4478 ἀμφέπῃ
1171 4392 1303 4479 φρένας.

535 4503 635 4580 ¹(puae
653 4504 778 4582 quidem
801 4501 980 4583 Epicharmi
1003 4505 1203 4567 consuetudo
1225 4506 1301 4569 lacit
1320 4504 1361 4567 ad
1378 4504 1554 4569 defenden-
