3617 5650
817 705 1056 815 t-ae'q

408 893 655 959 substantiarum
677 895 780 957 locum
804 900 1078 966 tenerexeenseat.
1109 891 1228 952 Verum
1250 889 1306 954 tali
1326 891 1508 954 sententiae

407 1001 459 1063 ille
480 1003 562 1082 ipse,
585 1021 679 1082 quem
696 1020 792 1080 supra
805 1001 907 1081 attuli,
928 1000 1030 1060 loeus
1034 1001 1221 1061 Aristotelis
1235 1000 1357 1064 obstate
1379 1017 1509 1080 exque

407 1109 533 1190 quidem
555 1128 617 1170 non
638 1109 740 1170 solum
763 1117 908 1189 quattuor
929 1109 1086 1173 elementa
1099 1112 1234 1187 primum
1256 1107 1422 1186 statuisse,
1445 1105 1507 1169 sed

408 1207 502 1276 eti'am
513 1203 551 1274 τὸ
563 1203 641 1298 ὕλης
654 1201 743 1286 εἶδος
759 1217 892 1294 primum
905 1213 1056 1274 divisisse
1070 1214 1297 1294 Empedoclem
1313 1213 1508 1296 intelligitur.

408 1321 494 1384 Nam
515 1341 554 1382 eo
576 1331 686 1406 aperte
710 1321 935 1402 Empedoclem
958 1323 1063 1396 ατοῖς
1074 1311 1237 1408 πρότερον
1251 1323 1418 1404 distinguit
1428 1325 1508 1386 Ari·

407 1420 542 1492 stoteles
553 1473 565 1512 ,
599 1431 684 1512 quod
713 1433 765 1494 ille
792 1431 911 1512 primus
940 1440 973 1494 et
990 1421 1052 1514 ,τήν
1073 1425 1181 1505 αἰτίαν
1202 1441 1235 1494 et
1255 1420 1293 1492 τὸ
1314 1423 1395 1514 ὕλης
1417 1418 1508 1502 εἶδος

408 1535 568 1600 diviserit:
590 1525 817 1620 Ἐμπεδοκλῆς
833 1534 892 1616 μὲν
914 1525 970 1598 οὗν
991 1527 1083 1623 παρα
1103 1527 1181 1612 τούς
1202 1526 1364 1623 πρότερον
1375 1534 1507 1622 πρῶτος

407 1631 526 1732 ταύτην
553 1633 611 1726 τὴν
640 1636 748 1704 αἰτίαν
773 1633 889 1706 διελών
911 1632 1098 1728 εἶςὴνεγκεν,
1131 1634 1170 1706 οὐ
1188 1640 1266 1724 μίαν
1287 1633 1431 1727 ποιήσας
1449 1636 1509 1730 τήν

408 1749 467 1836 τῆς
487 1739 643 1834 κινήσεως
664 1742 775 1838 ἀρχήν,
798 1743 868 1814 ἀλλ’
892 1747 1008 1838 ἑτέρας
1027 1773 1065 1814 τε
1087 1748 1142 1814 καὶ
1162 1747 1316 1825 ἐναντίας.
1340 1744 1390 1814 ἔτι
1408 1749 1447 1814 δὲ
1465 1742 1508 1816 ταὶ
1532 1805 1538 1814 .

409 1851 454 1934 ὥς
476 1855 509 1923 ἐν
528 1850 608 1946 ὕλης
630 1857 713 1922 εἴδει
734 1849 890 1945 λεγόμενα
920 1861 1066 1938 στοιχεῖα
1091 1855 1234 1944 τέτταρα
1254 1857 1385 1946 πρῶτος
1405 1849 1509 1925 εἶπεν·

411 1957 450 2029 οὐ
470 1957 535 2052 μήν
554 1963 673 2054 χρῆταί
688 1989 727 2054 pe
743 1965 924 2054 τέτταρσιν,
945 1959 1014 2030 ἀλλ’
1031 1958 1076 2042 ὠς
1090 1965 1182 2032 δυσὶν
1197 1957 1269 2032 οὖσι
1283 1957 1407 2048 μόνοις,
1427 1964 1509 2051 πυρὶ

408 2070 468 2154 μὲν
490 2075 567 2137 καθ’
589 2065 685 2156 αὐτὸ,
714 2077 785 2150 τοῖς
813 2074 842 2138 δ’
863 2069 1096 2158 ἀντικειμένοις
1117 2069 1163 2152 ὦς
1184 2075 1247 2161 μιᾷ
1266 2065 1384 2162 φύσει,
1411 2073 1452 2161 γῇ
1471 2097 1508 2140 τε
1579 2117 1584 2124 ·

410 2176 465 2241 καὶ
484 2172 590 2268 ὕδατι.
637 2185 776 2246 Accedit
797 2184 882 2264 quod
905 2197 1033 2264 praeter
1055 2185 1276 2249 Parmenidem
1299 2204 1404 2265 nemo,
1425 2183 1509 2266 quod

410 2291 568 2370 sciamus,
599 2291 754 2352 eiusmodi
784 2290 972 2351 divisionem
1002 2301 1077 2353 aute
1104 2292 1333 2371 Empedoclem
1360 2293 1509 2371 instituit,

410 2398 608 2462 Parmenidis
632 2408 739 2462 antem
762 2389 850 2482 φάος
870 2395 925 2461 καὶ
937 2387 1046 2475 νύκτα,
1067 2418 1147 2481 quas
1158 2400 1285 2479 quidem
1297 2388 1510 2483 ipsepopcpoig

409 2508 556 2594 appellet,
581 2527 676 2594 nemo
691 2509 784 2570 facile
808 2528 863 2589 pro
886 2509 1073 2570 substantiis
1095 2508 1231 2569 habebit.
1274 2491 1507 2569 Tantummodo

412 2616 513 2674 minus
536 2612 704 2694 diligenter
731 2617 859 2676 loeutus
888 2623 940 2675 est
967 2614 1219 2674 Karstenius
1242 2616 1290 2690 (in
1312 2615 1510 2699 Parmenidis

357 2771 360 2773 .
411 2721 548 2802 reliquiis
571 2741 601 2800 p.
623 2720 719 2802 222,)
741 2719 825 2800 quod
849 2721 1022 2782 aetheriam
1047 2731 1080 2782 et
1101 2729 1259 2783 terrenam
1282 2725 1448 2784 materiem
1470 2739 1510 2785 ee

412 2828 599 2909 appellavit:
623 2828 696 2889 nihil
719 2830 800 2889 euim
823 2832 884 2891 nisi
906 2830 1156 2921 principia‘sunt
1177 2832 1393 2915 intelligenda.
1437 2816 1509 2911 Quo

411 2944 518 2997 antem
540 2945 634 3016 pacto
656 2936 708 2997 illa
729 2937 854 3017 possint
873 2926 910 2996 οὐ
928 2925 984 3015 δαὶ
996 2932 1059 2996 τῶν
1077 2926 1183 2997 αὐτῶν
1204 2938 1277 3020 diei,
1303 2958 1400 3019 quum
1412 2928 1511 3023 cippati
1599 2967 1602 2974 ·

412 3063 474 3105 non
497 3044 609 3105 alienis
632 3044 752 3103 viribus
768 3044 940 3123 agitentur,
963 3043 1022 3103 sed
1037 3045 1128 3123 ipsae
1145 3045 1230 3107 vires
1247 3042 1335 3123 sint?
1356 3050 1510 3111 Potestne

413 3160 517 3213 autem
541 3140 596 3211 δια
617 3148 680 3209 ταῖν
702 3140 808 3212 αὐτῶν
835 3145 923 3213 ἐστιν
948 3153 1011 3213 hoc
1037 3153 1141 3231 ipsum
1169 3149 1370 3236 significare:
1396 3156 1510 3218 iisdem

411 3260 533 3321 viribus
557 3256 739 3340 agitantur?
1444 3310 1464 3345 4

497 3367 576 3431 Illud
599 3372 682 3429 enim
705 3376 793 3429 recte
821 3368 978 3430 intellexit
999 3371 1141 3433 Mericus
1164 3370 1395 3452 Casaubonus,
1426 3373 1511 3453 quod

412 3485 526 3564 reliqui
547 3500 659 3543 ornnes
680 3482 828 3543 omisisse
839 3482 1002 3556 videntur,
1024 3500 1101 3561 prae
1114 3484 1184 3543 aliis
1200 3483 1417 3563 inquirendum
1434 3501 1510 3544 esse

412 3594 443 3655 in
469 3590 735 3673 significationem
762 3589 938 3651 verborum·
961 3576 1017 3648 διαὶ
1047 3584 1112 3649 τῶν
1139 3578 1254 3653 αὐτῶν.
1302 3594 1378 3671 lpse
1404 3600 1510 3653 tannen

414 3700 497 3783 quod
521 3698 785 3780 praepositionem
808 3684 863 3757 dmi
886 3697 927 3760 ad
951 3715 1107 3777 personas
1128 3700 1239 3761 referri
1261 3698 1354 3774 dicit,
1378 3700 1511 3779 opposi-

413 3818 477 3873 tam
499 3802 547 3888 τῷ
568 3800 620 3882 ἐκ,
653 3824 715 3887 quo
737 3822 858 3865 causae
882 3807 1093 3867 elementares
1114 3807 1353 3887 significentur,
1385 3806 1417 3867 id
1439 3805 1511 3867 nihil

414 3914 554 3989 facitad
582 3908 852 3992 interpretandum
888 3929 1035 3991 versum,
1067 3914 1127 3974 nisi
1156 3916 1226 3994 quis
1255 3931 1328 3975 cum
1356 3910 1511 3993 Grysario

413 4019 478 4086 τῶν
496 4012 601 4085 αὐτῶν
622 4022 663 4083 ad
685 4035 896 4102 praegressos
919 4020 1022 4097 priore
1043 4039 1143 4081 versu
1163 4009 1240 4092 τούς
1265 4009 1368 4092 θεοὺς
1392 4021 1511 4082 referre

391 4177 399 4196 r
416 4134 503 4195 velit.
548 4132 654 4215 Magis
676 4130 770 4191 etiam
787 4130 953 4191 soloecum
970 4137 1032 4209 est,
1055 4128 1140 4207 quod
1152 4128 1368 4210 Marquardus
1382 4126 1510 4191 Gudins

345 4322 349 4327 Ι
415 4231 471 4303 δια
491 4236 555 4301 τιὸν
575 4229 681 4302 αὐτῶν
703 4257 759 4319 pro
783 4233 826 4297 δι’
848 4230 971 4299 ἑαυτῶν
989 4239 1138 4317 accipere
1161 4238 1309 4318 videtur,
1340 4245 1375 4299 ut
1397 4238 1448 4299 dei
1471 4257 1510 4299 ex

415 4366 452 4413 se
474 4348 551 4430 ipsis
574 4348 713 4428 pendere
735 4347 886 4411 dicantur.
937 4347 1054 4426 Neque
1072 4346 1173 4425 ipsius
1194 4346 1308 4409 Meriei
1330 4344 1511 4407 Casauboni

416 4454 634 4537 interpretatio
645 4456 844 4535 personalem
862 4454 926 4519 vim
934 4452 1187 4533 praepositionis
1202 4440 1259 4513 ded
1275 4459 1510 4531 servat-quum
