3617 5650
761 765 968 843 ..52-

309 950 684 1032 northmanorum,
713 967 796 1032 quae
817 948 945 1032 quidem
968 925 1038 1027 oum
1061 949 1228 1017 dialeotica
1256 960 1306 1016 est
1329 969 1410 1016 eoo-

312 1061 539 1142 iunctissima,
567 1069 642 1142 post
666 1059 900 1142 Epicharmum,
920 1061 951 1122 iu
973 1060 1081 1122 Sicilia
1102 1061 1309 1124 excoluerunt
1328 1063 1409 1126 Eru-

311 1167 473 1250 pedootes
487 1169 621 1250 eiusque
643 1166 818 1250 discipulus
841 1165 995 1249 Gorgiae,
1018 1175 1205 1249 praetorque
1222 1187 1279 1251 eos
1295 1168 1414 1248 Corax,

311 1275 444 1356 mistas,
471 1276 589 1340 Rotas:
621 1275 745 1340 omuino
775 1284 881 1350 autom
912 1274 1068 1339 eiusmodi
1096 1273 1240 1339 artificiis
1269 1276 1413 1339 votuisse

311 1383 419 1446 Siouii
441 1382 596 1455 videntur.
637 1383 696 1454 Ita¹
709 1385 791 1444 iuter
812 1380 995 1462 Epicharmi
1016 1383 1138 1462 poesim
1162 1391 1196 1444 et
1216 1382 1413 1466 sophistimro

312 1489 395 1552 artis
429 1506 621 1572 progressus
654 1487 736 1554 haud
763 1506 901 1570 ¹parrmm
934 1489 1131 1573 interrepere
1161 1492 1412 1554 coniunctionem

312 1605 463 1679 apparet:
485 1599 674 1680 praesertim
691 1614 786 1676 quum
809 1595 861 1658 ilia
876 1595 1075 1657 diversarum
1098 1597 1326 1660 sententiarum
1345 1616 1412 1678 op·-
1549 1682 1551 1686 ,

312 1711 435 1788 positio
457 1705 615 1788 quandam
637 1705 878 1770 similitudinem
898 1705 1017 1785 habeat
1045 1690 1147 1785 λόγων
1176 1693 1413 1785 ἀντικειμένων.

312 1817 438 1885 Poatea
467 1815 648 1898 Epicharmi
677 1815 858 1896 exemptum
892 1820 1007 1876 seouta
1037 1821 1089 1874 est
1120 1831 1205 1875 aava
1235 1815 1412 1904 Atticorum

312 1921 496 2004 comoedia,
518 1922 549 1984 iu
571 1940 634 2002 qua
656 1922 892 2002 philosophicas
910 1919 1144 2001 disputationes
1166 1937 1266 2000 saepe
1287 1930 1414 1999 ooustat

312 2031 485 2094 immixtae*
510 2030 614 2094 tuisse
642 2030 852 2107 sermonibus.
905 2027 1099 2098 Recentiore
1130 2037 1237 2089 autom
1271 2036 1414 2110 tempore

303 2111 443 2218 ..proptor
471 2133 698 2218 Pythagorea,
729 2113 811 2216 (puae
842 2132 914 2195 eius
944 2130 1118 2194 comoediis
1153 2135 1275 2194 inserta
1310 2143 1414 2218 erant,

311 2242 455 2306 maxime
475 2243 619 2308 iuotaruit
638 2223 864 2324 Epicharmus,
886 2246 934 2305 ita
955 2253 990 2304 ut
1007 2240 1077 2304 iere
1088 2240 1297 2325 Pythagorae
1311 2243 1414 2306 disci-

299 2353 409 2434 putus
429 2351 607 2414 haberetur.
649 2349 684 2412 ld
709 2349 793 2430 quod
811 2354 916 2412 miuus
929 2348 1123 2428 mirabimur,
1145 2349 1174 2411 ai
1195 2349 1414 2430 recordamur,
1448 2382 1450 2387 ·

311 2479 409 2542 quam
433 2476 536 2545 pauoa
551 2456 592 2520 do
607 2475 687 2519 vera
701 2456 979 2540 Pythagoreorum
992 2454 1137 2516 doctriua
1151 2455 1267 2517 tradita
1283 2457 1415 2539 tuerint,

310 2573 363 2634 ita
382 2575 418 2630 ut
440 2565 554 2650 cupide
575 2567 778 2648 arriperetur,
798 2563 1012 2646 quodeunque
1028 2565 1060 2624 ei
1078 2561 1158 2624 hrota
1168 2563 1288 2645 aliquid
1302 2573 1415 2646 posset

298 2675 490 2742 ‚affundero
532 2678 591 2742 Sio
609 2676 731 2741 ,factum
753 2686 789 2740 ut
810 2658 1017 2759 Pythigorea
1039 2675 1178 2736 maxime
1194 2675 1226 2736 iu
1240 2675 1309 2736 eiua
1322 2677 1415 2756 poesi

312 2789 574 2872 anquirerentur,
597 2790 795 2871 obeamque
813 2808 882 2853 rem
903 2790 973 2871 ipso
995 2796 1083 2852 totus
1102 2799 1266 2871 putaretur
1286 2793 1415 2876 Pytha-

314 2916 451 2979 goreus:
482 2898 658 2966 aooedebat
686 2908 794 2963 autom
817 2902 870 2963 itta
892 2903 998 2965 omnia
1019 2904 1060 2967 ad
1081 2906 1303 2988 Pythagoram
1324 2908 1414 2969 rote-

315 3006 404 3069 rendi
427 3005 537 3089 iibido,
560 3025 655 3094 qulam
677 3016 710 3074 et
729 3009 918 3091 Aeschylus
939 3030 1058 3093 possus
1078 3024 1130 3078 eat
1143 3013 1414 3095 etEmpodooteo.

301 3112 415 3177 :Uado'
429 3113 552 3177 Ennius
579 3132 708 3195 quoque
736 3114 863 3179 oarmiui
891 3135 954 3203 auo
975 3119 1161 3201 Epicharmi
1182 3138 1296 3183 nomeu
1319 3119 1415 3187 dedit.

300 3220 410 3299 „Quae
435 3230 543 3285 autem
571 3220 613 3285 de
634 3222 841 3305 Pythagorea
871 3225 1055 3307 Epioharmi
1086 3226 1252 3309 dieoiptioo
1281 3237 1414 3293 veteres

300 3328 486 3397 ¹commenti
514 3336 606 3409 aaut,
633 3348 672 3393 ea
699 3338 773 3410 port
804 3332 1001 3411 praectarum
1025 3333 1241 3399 Welokeri
1264 3336 1415 3419 disputa·

317 3436 432 3499 tiouem
454 3455 517 3516 uou
538 3453 622 3518 opus
644 3437 851 3518 estamplius
872 3438 1033 3521 persequi.
