3617 5650
293 911 464 978 goreorum
486 901 629 979 tempera
651 890 732 954 adeo
754 891 888 954 obscura
914 899 1000 973 suut,
1021 899 1054 954 ut
1075 891 1150 955 oibil
1171 895 1307 975 amplius
1327 895 1389 958 de-

293 1005 373 1066 liniri
397 1005 517 1084 possit,
549 1021 643 1082 quarn
667 1001 833 1064 exstitisse
854 1020 963 1062 eorum
985 1000 1157 1063 doctrinam
1179 1012 1286 1065 aetate
1308 1003 1389 1084 Epi-

294 1111 430 1175 charmi:
464 1118 623 1192 quatenus
647 1119 721 1169 tuuc
744 1125 915 1190 progressa
938 1109 979 1168 sit
1002 1116 1035 1169 et
1057 1111 1205 1191 exculta,
1235 1113 1318 1179 oanni
1347 1133 1389 1176 ex

292 1229 384 1306 parte
407 1221 579 1302 ignoratur.
628 1221 679 1279 Ex
701 1218 808 1278 horum
833 1218 939 1298 igitur,
962 1236 1041 1298 quos
1064 1223 1223 1298 recensui,
1247 1219 1391 1300 philoso-

292 1327 425 1408 phorum
447 1325 584 1386 lontibus
607 1323 752 1384 derivare
774 1322 984 1402 Epicharmus
1007 1323 1121 1402 potuit,
1147 1326 1271 1406 quaein
1286 1325 1392 1406 philo.

292 1435 427 1516 sophice
448 1453 569 1518 genere
591 1431 676 1513 apud
698 1451 769 1492 eum
789 1435 996 1512 reperiuntur.
1039 1431 1232 1514 Neutiquam
1248 1453 1327 1496 voro
1350 1434 1392 1496 ad

294 1546 365 1616 eius
390 1543 632 1622 explicationem
654 1541 823 1607 adhibendi
845 1552 940 1624 sunt,
962 1548 1016 1623 qui
1038 1556 1112 1625 post
1137 1565 1210 1607 eum
1241 1548 1392 1611 vixerunt
1499 1529 1511 1622 ⁸,

293 1649 483 1732 philosophi,
499 1651 609 1710 ¹veluti
625 1649 792 1729 Melissus,
814 1651 1045 1733 Empedoclea,
1069 1655 1291 1736 Anaxagoras.
1314 1653 1392 1718 Mess

293 1757 403 1818 lissum
427 1758 508 1816 enim
531 1756 616 1818 eirca
639 1755 687 1818 0l.
709 1757 884 1818 LXXXlV
911 1757 1058 1820 floruisse
1080 1764 1191 1822 statuit
1214 1764 1392 1844 Apollodo-

285 1883 363 1949 rus:
387 1863 427 1924 ad
450 1860 534 1944 quod
557 1860 680 1944 quidem
703 1871 830 1944 tempus
846 1867 941 1926 etiam
955 1867 1161 1947 Empedoclis
1174 1857 1280 1952 οἷκμήν
1295 1872 1394 1935 refert

293 1975 472 2058 Diogenes.
516 1972 610 2052 Quod
634 1981 742 2034 autem
767 1974 806 2035 de
830 1975 1026 2053 Empedoole
1048 1984 1081 2036 et
1096 1977 1294 2058 Anaxagora
1316 1977 1393 2041 dicit

293 2081 488 2142 Aristoteles
515 2077 657 2159 Metaph.
681 2081 716 2156 1,
737 2078 774 2142 32
822 2065 1039 2164 Ἀναξαγόρας
1065 2070 1083 2140 ὁ
1106 2075 1328 2161 Κλαζομένιος
1353 2081 1395 2170 τῇ

294 2189 354 2272 μὲν
383 2181 493 2275 ἡλικίᾳ
521 2178 683 2278 πρότερος
710 2182 755 2254 ὢν
781 2179 897 2252 τούτου
926 2181 1237 2271 (Ἐμπεδοκλέους),
1264 2196 1336 2268 τοῖς
1364 2194 1395 2256 d’

294 2293 402 2388 ἔργοις
423 2294 575 2386 duraque:
608 2300 638 2363 id
668 2323 729 2363 non
762 2302 863 2363 solum
888 2302 1103 2382 Anaxagorae
1127 2304 1267 2366 notitiam
1290 2305 1395 2368 minus
1451 2337 1455 2344 ·

294 2415 391 2472 ctiam
412 2427 504 2489 quarn
517 2409 720 2486 Empedoclis
737 2407 856 2469 habere
872 2408 1018 2486 potuisse
1029 2409 1254 2487 Epicharmum
1275 2414 1394 2493 arguit,

294 2516 354 2582 sed
377 2517 456 2578 facit
479 2514 519 2576 ad
541 2511 753 2576 definiendam
768 2511 974 2592 Empedoclis
996 2520 1145 2579 aetatem.
1188 2515 1273 2576 Nam
1297 2535 1394 2596 quum

271 2661 275 2670 ·
296 2629 345 2694 01.
362 2628 460 2700 LXX
475 2638 567 2711 uptus
582 2605 624 2688 sit
637 2627 850 2714 Anaxagoras
862 2633 992 2686 auctore
1005 2625 1213 2706 Apollodoro,
1234 2629 1395 2710 aliquanto
1454 2623 1459 2637 ’

294 2746 369 2820 post
392 2745 640 2798 consentaneum
666 2716 718 2797 est
740 2741 846 2795 natum
865 2753 940 2796 esse
951 2735 1189 2814 Empedoclem.
1234 2739 1395 2818 Quocirca

295 2845 354 2907 vix
383 2845 484 2924 potuit
510 2852 583 2903 ante
607 2842 655 2902 01.
677 2843 808 2905 LXXX
840 2842 985 2906 doctrina
1014 2846 1126 2908 llorere
1160 2846 1395 2928 philosophica:

285 2954 359 3033 'qua
381 2957 488 3010 aetate
510 2948 637 3007 etiamsi
659 2946 764 3009 adhuc
786 2957 953 3028 superstes
977 2949 1035 3011 fuit
1055 2948 1288 3032 EpicharmuS,
1311 2953 1394 3035 quod

294 3078 403 3143 parum
426 3055 624 3129 crediderim,
649 3066 754 3117 tamen
776 3055 857 3118 adeo
879 3058 937 3119 fuit
959 3067 1125 3121 senectute
1145 3070 1336 3142 provectus,
1359 3070 1397 3123 ut

293 3185 400 3247 novae
415 3163 638 3245 philosophiae
653 3164 771 3243 placita
786 3163 918 3225 vixdum
934 3174 1045 3244 posset
1061 3166 1187 3249 ingenio
1210 3168 1393 3231 informare.

295 3270 432 3338 Accedit
446 3280 551 3333 autem
565 3269 659 3351 aliud,
683 3249 765 3330 unde
776 3279 849 3348 post
861 3269 910 3332 0l.
928 3272 1115 3348 LXXVlll,
1132 3270 1153 3333 3
1175 3295 1238 3336 non
1260 3278 1395 3359 amplius

294 3400 348 3445 res
370 3376 607 3470 philosophicas
629 3376 668 3441 ab
689 3376 903 3463 Epicharmo,
927 3376 1084 3455 siquidem
1109 3382 1190 3441 vixit
1211 3382 1334 3472 adhuc,
1363 3384 1395 3445 ia

294 3487 469 3555 comoediis
491 3488 622 3547 tractari
644 3484 790 3565 potuisse
815 3483 973 3565 colligam.
1023 3484 1072 3547 Eo
1096 3489 1177 3563 enim
1200 3508 1283 3552 anuo
1303 3490 1395 3572 pulso

295 3596 499 3677 Thrasybulo
521 3595 620 3657 libera
641 3594 823 3675 respublica
852 3568 996 3655 ihstituta
1027 3604 1077 3656 est
1099 3596 1291 3677 Syracusis:
1324 3601 1396 3680 quis

240 3762 243 3769 .
295 3714 403 3767 autem
436 3702 544 3765 credat
571 3706 605 3763 in
634 3720 749 3763 recens
780 3702 911 3763 condita
940 3701 1136 3763 democratia
1167 3696 1396 3785 philosophicis

296 3808 547 3893 quaestiunculis
567 3806 744 3867 delectatos
767 3826 840 3867 esse
860 3806 974 3869 theatri
998 3804 1229 3887 spectatores?
1272 3809 1398 3888 Quales

296 3917 425 4001 quidem
454 3915 514 3976 sub
545 3913 695 3975 Hieronis
728 3912 912 3995 tyrannide,
948 3933 1044 3995 quum
1073 3914 1219 3976 homines
1247 3934 1398 3982 securum

295 4026 435 4109 agebant
457 4042 591 4099 aevum,
625 4020 786 4109 probabile
817 4029 868 4081 est
896 4023 1063 4082 multorum
1091 4021 1215 4084 animos
1245 4029 1397 4091 tenuisse.
1431 4070 1437 4083 .

296 4133 486 4213 Quanquam
518 4130 599 4191 enim
628 4129 758 4207 turpiter
789 4130 958 4191 confictum
987 4143 1057 4208 est,
1090 4130 1174 4209 quod
1205 4133 1397 4198 lamblichus

296 4239 372 4301 dicit
395 4240 425 4299 in
446 4238 514 4299 vita
536 4238 744 4321 Pythagorae
765 4256 792 4298 c.
813 4236 869 4303 36:
892 4224 1090 4320 ἀφικόμενον
1113 4233 1150 4299 δὲ
1167 4232 1395 4325 εἰςΣοροοιού-

266 4423 271 4434 Ι
296 4364 356 4421 σας
378 4332 434 4407 δια
455 4334 512 4427 τήν
532 4332 673 4427 Ἱέρωνος
689 4340 862 4427 τυραννίδα
883 4340 943 4405 τοῦ
963 4339 1022 4422 μὲν
1037 4341 1188 4429 φανερῶς
1202 4346 1398 4434 φιλοσοφεῖν

297 4442 521 4531 ἀποσχέσθαι,
543 4444 592 4525 εἰς
612 4446 732 4537 μέτρον
754 4448 784 4513 δ’
807 4448 924 4515 ἐνεῖναι
946 4440 1006 4525 νας
1022 4446 1168 4529 διανοίας
1188 4453 1252 4519 τοῖν
1272 4446 1399 4542 ἀνδρῶν
