<?xml version="1.0" encoding="UTF-8"?>
<!DOCTYPE html PUBLIC "-//W3C//DTD XHTML 1.0 Transitional//EN"
    "http://www.w3.org/TR/xhtml1/DTD/xhtml1-transitional.dtd">
<html xmlns="http://www.w3.org/1999/xhtml" xml:lang="en" lang="en">
 <head>
  <title>
</title>
<meta http-equiv="Content-Type" content="text/html;charset=utf-8" />
  <meta name='ocr-system' content='tesseract 3.04.00' />
  <meta name='ocr-capabilities' content='ocr_page ocr_carea ocr_par ocr_line ocrx_word'/>
</head>
<body>
  <div class='ocr_page' id='page_1' title='image "./quaestionesepic00schmgoog_0052.png"; bbox 0 0 3617 5650; ppageno 0'>
   <div class='ocr_carea' id='block_1_1' title="bbox 874 767 1080 829">
    <p class='ocr_par' dir='ltr' id='par_1_1' title="bbox 874 767 1080 829">
     <span class='ocr_line' id='line_1_1' title="bbox 874 767 1080 829; baseline -0.01 -15"><span class='ocrx_word' id='word_1_1' title='bbox 874 767 1080 829; x_wconf 54' lang='lat'>...452</span> 
     </span>
    </p>
   </div>
   <div class='ocr_carea' id='block_1_2' title="bbox 330 933 1545 4605">
    <p class='ocr_par' dir='ltr' id='par_1_2' title="bbox 330 933 1545 4605">
     <span class='ocr_line' id='line_1_2' title="bbox 437 933 1537 1034; baseline -0.003 -20"><span class='ocrx_word' id='word_1_2' title='bbox 437 933 487 1015; x_wconf 84' lang='lat' dir='ltr'>sol</span> <span class='ocrx_word' id='word_1_3' title='bbox 509 969 571 1014; x_wconf 89' lang='lat' dir='ltr'>non</span> <span class='ocrx_word' id='word_1_4' title='bbox 594 971 691 1034; x_wconf 85' lang='lat' dir='ltr'>posse</span> <span class='ocrx_word' id='word_1_5' title='bbox 710 951 968 1030; x_wconf 81' lang='lat' dir='ltr'>:arbitrabantur,&#39;</span> <span class='ocrx_word' id='word_1_6' title='bbox 987 950 1122 1012; x_wconf 75' lang='lat' dir='ltr'>lucidius</span> <span class='ocrx_word' id='word_1_7' title='bbox 1143 958 1306 1032; x_wconf 85' lang='lat' dir='ltr'>appareat.</span> <span class='ocrx_word' id='word_1_8' title='bbox 1357 951 1537 1030; x_wconf 74' lang='lat' dir='ltr'><strong>Propterea</strong></span> 
     </span>
     <span class='ocr_line' id='line_1_3' title="bbox 435 1046 1536 1144; baseline -0.009 -17"><span class='ocrx_word' id='word_1_9' title='bbox 435 1067 488 1144; x_wconf 85' lang='lat' dir='ltr'>iis,</span> <span class='ocrx_word' id='word_1_10' title='bbox 510 1081 592 1144; x_wconf 76' lang='lat' dir='ltr'>quiae</span> <span class='ocrx_word' id='word_1_11' title='bbox 612 1063 673 1122; x_wconf 85' lang='lat' dir='ltr'>iam</span> <span class='ocrx_word' id='word_1_12' title='bbox 696 1062 802 1138; x_wconf 84' lang='lat' dir='ltr'>attuli,</span> <span class='ocrx_word' id='word_1_13' title='bbox 832 1060 942 1120; x_wconf 84' lang='lat' dir='ltr'>verbis</span> <span class='ocrx_word' id='word_1_14' title='bbox 963 1061 1073 1120; x_wconf 83' lang='lat' dir='ltr'>statim</span> <span class='ocrx_word' id='word_1_15' title='bbox 1100 1060 1181 1121; x_wconf 80' lang='lat' dir='ltr'>haec</span> <span class='ocrx_word' id='word_1_16' title='bbox 1198 1060 1391 1140; x_wconf 77' lang='lat' dir='ltr'>suhiurrgitt-</span> <span class='ocrx_word' id='word_1_17' title='bbox 1408 1051 1445 1118; x_wconf 82' lang='grc' dir='ltr'>ἐκ</span> <span class='ocrx_word' id='word_1_18' title='bbox 1472 1046 1536 1140; x_wconf 77' lang='grc' dir='ltr'>γάρ</span> 
     </span>
     <span class='ocr_line' id='line_1_4' title="bbox 434 1152 1537 1256; baseline 0.004 -33"><span class='ocrx_word' id='word_1_19' title='bbox 434 1161 555 1256; x_wconf 62' lang='grc' dir='ltr'><em>ταύτης</em></span> <span class='ocrx_word' id='word_1_20' title='bbox 580 1166 639 1252; x_wconf 80' lang='grc' dir='ltr'>τῆς</span> <span class='ocrx_word' id='word_1_21' title='bbox 672 1156 874 1251; x_wconf 75' lang='grc' dir='ltr'><em>ὑπολήψεως</em></span> <span class='ocrx_word' id='word_1_22' title='bbox 903 1152 1085 1249; x_wconf 62' lang='grc' dir='ltr'><em>ἐξήπλησεν</em></span> <span class='ocrx_word' id='word_1_23' title='bbox 1112 1155 1134 1249; x_wconf 76' lang='grc' dir='ltr'><em>ἡ</em></span> <span class='ocrx_word' id='word_1_24' title='bbox 1162 1155 1325 1249; x_wconf 82' lang='grc' dir='ltr'><em>άκροτάτη</em></span> <span class='ocrx_word' id='word_1_25' title='bbox 1358 1153 1443 1243; x_wconf 81' lang='grc' dir='ltr'><strong><em>δόξα</em></strong></span> <span class='ocrx_word' id='word_1_26' title='bbox 1471 1161 1537 1227; x_wconf 78' lang='grc' dir='ltr'>τῶν</span> 
     </span>
     <span class='ocr_line' id='line_1_5' title="bbox 437 1261 1537 1370; baseline -0.006 -23"><span class='ocrx_word' id='word_1_27' title='bbox 437 1279 630 1370; x_wconf 76' lang='grc' dir='ltr'><em>εἰρημένων,</em></span> <span class='ocrx_word' id='word_1_28' title='bbox 645 1261 683 1365; x_wconf 82' lang='grc' dir='ltr'><em>ἦ</em></span> <span class='ocrx_word' id='word_1_29' title='bbox 710 1277 775 1341; x_wconf 77' lang='grc' dir='ltr'>τῶν</span> <span class='ocrx_word' id='word_1_30' title='bbox 802 1266 993 1363; x_wconf 79' lang='grc' dir='ltr'><em>φασκόντων</em></span> <span class='ocrx_word' id='word_1_31' title='bbox 1012 1265 1268 1361; x_wconf 65' lang='grc' dir='ltr'><em>ἡρακλειτίζειν,</em></span> <span class='ocrx_word' id='word_1_32' title='bbox 1298 1298 1392 1360; x_wconf 74' lang='lat' dir='ltr'>quarm</span> <span class='ocrx_word' id='word_1_33' title='bbox 1420 1289 1537 1340; x_wconf 79' lang='lat' dir='ltr'>revera</span> 
     </span>
     <span class='ocr_line' id='line_1_6' title="bbox 434 1389 1535 1471; baseline -0.011 -13"><span class='ocrx_word' id='word_1_34' title='bbox 434 1398 517 1457; x_wconf 88' lang='lat' dir='ltr'>inter</span> <span class='ocrx_word' id='word_1_35' title='bbox 538 1395 646 1454; x_wconf 92' lang='lat' dir='ltr'>horum</span> <span class='ocrx_word' id='word_1_36' title='bbox 670 1392 846 1468; x_wconf 72' lang='lat' dir='ltr'>senitentias</span> <span class='ocrx_word' id='word_1_37' title='bbox 870 1399 967 1471; x_wconf 88' lang='lat' dir='ltr'>atque</span> <span class='ocrx_word' id='word_1_38' title='bbox 987 1405 1063 1467; x_wconf 85' lang='lat' dir='ltr'>aas,</span> <span class='ocrx_word' id='word_1_39' title='bbox 1086 1400 1170 1470; x_wconf 82' lang='lat' dir='ltr'>quae</span> <span class='ocrx_word' id='word_1_40' title='bbox 1198 1397 1273 1451; x_wconf 86' lang='lat' dir='ltr'>aute</span> <span class='ocrx_word' id='word_1_41' title='bbox 1301 1389 1428 1450; x_wconf 82' lang='lat' dir='ltr'>fuerant</span> <span class='ocrx_word' id='word_1_42' title='bbox 1450 1405 1535 1447; x_wconf 79' lang='lat' dir='ltr'>eriu-</span> 
     </span>
     <span class='ocr_line' id='line_1_7' title="bbox 434 1499 1166 1584; baseline -0.011 -16"><span class='ocrx_word' id='word_1_43' title='bbox 434 1513 590 1584; x_wconf 81' lang='lat' dir='ltr'>meratae,</span> <span class='ocrx_word' id='word_1_44' title='bbox 612 1502 672 1564; x_wconf 87' lang='lat' dir='ltr'>dici</span> <span class='ocrx_word' id='word_1_45' title='bbox 696 1507 834 1580; x_wconf 82' lang='lat' dir='ltr'>nequeat</span> <span class='ocrx_word' id='word_1_46' title='bbox 856 1508 1010 1580; x_wconf 89' lang='lat' dir='ltr'>quactum</span> <span class='ocrx_word' id='word_1_47' title='bbox 1032 1499 1166 1560; x_wconf 86' lang='lat' dir='ltr'>intersit.</span> 
     </span>
     <span class='ocr_line' id='line_1_8' title="bbox 518 1602 1536 1682; baseline -0.015 -8"><span class='ocrx_word' id='word_1_48' title='bbox 518 1615 565 1674; x_wconf 86' lang='lat' dir='ltr'>lta</span> <span class='ocrx_word' id='word_1_49' title='bbox 589 1611 648 1672; x_wconf 87' lang='lat' dir='ltr'>etsi</span> <span class='ocrx_word' id='word_1_50' title='bbox 672 1630 733 1670; x_wconf 95' lang='lat' dir='ltr'>non</span> <span class='ocrx_word' id='word_1_51' title='bbox 756 1606 953 1670; x_wconf 87' lang='lat' dir='ltr'>incommode</span> <span class='ocrx_word' id='word_1_52' title='bbox 971 1607 1152 1668; x_wconf 81' lang='lat' dir='ltr'>Aristotelis</span> <span class='ocrx_word' id='word_1_53' title='bbox 1174 1606 1263 1666; x_wconf 87' lang='lat' dir='ltr'>locus</span> <span class='ocrx_word' id='word_1_54' title='bbox 1280 1602 1536 1682; x_wconf 68' lang='lat' dir='ltr'>explicatur7ta·</span> 
     </span>
     <span class='ocr_line' id='line_1_9' title="bbox 434 1711 1534 1799; baseline -0.014 -13"><span class='ocrx_word' id='word_1_55' title='bbox 434 1743 508 1786; x_wconf 92' lang='lat' dir='ltr'>meu</span> <span class='ocrx_word' id='word_1_56' title='bbox 530 1741 571 1784; x_wconf 87' lang='lat' dir='ltr'>ne</span> <span class='ocrx_word' id='word_1_57' title='bbox 592 1730 669 1782; x_wconf 88' lang='lat' dir='ltr'>tunc</span> <span class='ocrx_word' id='word_1_58' title='bbox 691 1717 816 1798; x_wconf 86' lang='lat' dir='ltr'>quidem</span> <span class='ocrx_word' id='word_1_59' title='bbox 846 1733 1041 1799; x_wconf 80' lang='lat' dir='ltr'>repugnem,</span> <span class='ocrx_word' id='word_1_60' title='bbox 1066 1717 1095 1776; x_wconf 82' lang='lat' dir='ltr'>si</span> <span class='ocrx_word' id='word_1_61' title='bbox 1121 1717 1195 1796; x_wconf 88' lang='lat' dir='ltr'>quis</span> <span class='ocrx_word' id='word_1_62' title='bbox 1227 1713 1268 1774; x_wconf 75' lang='lat' dir='ltr'>ad</span> <span class='ocrx_word' id='word_1_63' title='bbox 1298 1713 1384 1774; x_wconf 82' lang='lat' dir='ltr'>huno</span> <span class='ocrx_word' id='word_1_64' title='bbox 1405 1711 1534 1771; x_wconf 83' lang='lat' dir='ltr'>modum</span> 
     </span>
     <span class='ocr_line' id='line_1_10' title="bbox 434 1805 1537 1916; baseline -0.015 -25"><span class='ocrx_word' id='word_1_65' title='bbox 434 1841 645 1910; x_wconf 86' lang='lat' dir='ltr'>transponere</span> <span class='ocrx_word' id='word_1_66' title='bbox 665 1826 764 1886; x_wconf 83' lang='lat' dir='ltr'>verba</span> <span class='ocrx_word' id='word_1_67' title='bbox 788 1825 884 1884; x_wconf 88' lang='lat' dir='ltr'>velit:</span> <span class='ocrx_word' id='word_1_68' title='bbox 908 1816 989 1883; x_wconf 78' lang='grc' dir='ltr'>ἐνδὲ</span> <span class='ocrx_word' id='word_1_69' title='bbox 1009 1808 1137 1916; x_wconf 69' lang='grc' dir='ltr'><em>τούτοις</em></span> <span class='ocrx_word' id='word_1_70' title='bbox 1150 1807 1257 1900; x_wconf 73' lang='grc' dir='ltr'><em>πολλῆ</em></span> <span class='ocrx_word' id='word_1_71' title='bbox 1267 1806 1290 1900; x_wconf 80' lang='grc' dir='ltr'><em>ἦ</em></span> <span class='ocrx_word' id='word_1_72' title='bbox 1307 1812 1368 1876; x_wconf 81' lang='grc' dir='ltr'>τοῦ</span> <span class='ocrx_word' id='word_1_73' title='bbox 1379 1805 1537 1912; x_wconf 83' lang='grc' dir='ltr'><em>άορίστου</em></span> 
     </span>
     <span class='ocr_line' id='line_1_11' title="bbox 330 1913 1535 2022; baseline -0.014 -22"><span class='ocrx_word' id='word_1_74' title='bbox 330 1977 338 1984; x_wconf 92' lang='grc'><strong>-</strong></span> <span class='ocrx_word' id='word_1_75' title='bbox 424 1927 534 2022; x_wconf 77' lang='grc' dir='ltr'><em>’φύσις</em></span> <span class='ocrx_word' id='word_1_76' title='bbox 552 1921 738 2018; x_wconf 77' lang='grc' dir='ltr'><em>ἐνυπάρχει,</em></span> <span class='ocrx_word' id='word_1_77' title='bbox 760 1925 814 1990; x_wconf 79' lang='grc' dir='ltr'>καὶ</span> <span class='ocrx_word' id='word_1_78' title='bbox 828 1917 849 2014; x_wconf 80' lang='grc' dir='ltr'><em>ἦ</em></span> <span class='ocrx_word' id='word_1_79' title='bbox 866 1925 925 1990; x_wconf 78' lang='grc' dir='ltr'>τοῦ</span> <span class='ocrx_word' id='word_1_80' title='bbox 945 1917 1038 2001; x_wconf 80' lang='grc' dir='ltr'><em>ὄντος</em></span> <span class='ocrx_word' id='word_1_81' title='bbox 1051 1917 1156 1999; x_wconf 75' lang='grc' dir='ltr'><em>οὕτως</em></span> <span class='ocrx_word' id='word_1_82' title='bbox 1169 1915 1282 2010; x_wconf 76' lang='grc' dir='ltr'><em>ὥςπερ</em></span> <span class='ocrx_word' id='word_1_83' title='bbox 1292 1922 1438 2009; x_wconf 76' lang='grc' dir='ltr'><em>εἴπομεν·</em></span> <span class='ocrx_word' id='word_1_84' title='bbox 1449 1913 1535 1983; x_wconf 68' lang='grc' dir='ltr'><em>οὕτω</em></span> 
     </span>
     <span class='ocr_line' id='line_1_12' title="bbox 433 2025 1535 2129; baseline -0.015 -22"><span class='ocrx_word' id='word_1_85' title='bbox 433 2035 495 2129; x_wconf 78' lang='grc' dir='ltr'>γάρ</span> <span class='ocrx_word' id='word_1_86' title='bbox 517 2031 674 2127; x_wconf 73' lang='grc' dir='ltr'>ἁρμόττει</span> <span class='ocrx_word' id='word_1_87' title='bbox 695 2035 818 2120; x_wconf 80' lang='grc' dir='ltr'><em>μᾶλλον</em></span> <span class='ocrx_word' id='word_1_88' title='bbox 844 2029 951 2098; x_wconf 82' lang='grc' dir='ltr'><em>εἰπεῖν</em></span> <span class='ocrx_word' id='word_1_89' title='bbox 973 2027 997 2120; x_wconf 80' lang='grc' dir='ltr'><em>ἢ</em></span> <span class='ocrx_word' id='word_1_90' title='bbox 1016 2025 1127 2120; x_wconf 73' lang='grc' dir='ltr'><em>ὥςπερ</em></span> <span class='ocrx_word' id='word_1_91' title='bbox 1147 2025 1350 2118; x_wconf 75' lang='grc' dir='ltr'><em>Ἐπίχαρμος</em></span> <span class='ocrx_word' id='word_1_92' title='bbox 1372 2025 1535 2104; x_wconf 57' lang='lat' dir='ltr'>eiciem-</span> 
     </span>
     <span class='ocr_line' id='line_1_13' title="bbox 433 2132 1535 2238; baseline -0.012 -23"><span class='ocrx_word' id='word_1_93' title='bbox 433 2142 547 2238; x_wconf 77' lang='grc' dir='ltr'><em>φάνην·</em></span> <span class='ocrx_word' id='word_1_94' title='bbox 571 2149 614 2212; x_wconf 85' lang='lat' dir='ltr'>dt’</span> <span class='ocrx_word' id='word_1_95' title='bbox 636 2139 655 2210; x_wconf 81' lang='grc' dir='ltr'>ὃ</span> <span class='ocrx_word' id='word_1_96' title='bbox 686 2135 820 2218; x_wconf 82' lang='grc' dir='ltr'><em>εἰκότως</em></span> <span class='ocrx_word' id='word_1_97' title='bbox 848 2139 908 2225; x_wconf 83' lang='grc' dir='ltr'>μὲν</span> <span class='ocrx_word' id='word_1_98' title='bbox 929 2139 1085 2227; x_wconf 76' lang='grc' dir='ltr'><em>λέγουσιν’,</em></span> <span class='ocrx_word' id='word_1_99' title='bbox 1105 2133 1165 2203; x_wconf 78' lang='grc' dir='ltr'>οὐκ</span> <span class='ocrx_word' id='word_1_100' title='bbox 1186 2132 1300 2226; x_wconf 66' lang='grc' dir='ltr'><em>ἀληθῆ</em></span> <span class='ocrx_word' id='word_1_101' title='bbox 1321 2136 1359 2202; x_wconf 80' lang='grc' dir='ltr'>δὲ</span> <span class='ocrx_word' id='word_1_102' title='bbox 1380 2136 1535 2223; x_wconf 76' lang='grc' dir='ltr'><em>λέγουσιν</em></span> 
     </span>
     <span class='ocr_line' id='line_1_14' title="bbox 432 2237 1534 2339; baseline -0.015 -15"><span class='ocrx_word' id='word_1_103' title='bbox 432 2254 481 2324; x_wconf 73' lang='grc' dir='ltr'>ἔτι</span> <span class='ocrx_word' id='word_1_104' title='bbox 509 2255 546 2322; x_wconf 82' lang='grc' dir='ltr'>δὲ</span> <span class='ocrx_word' id='word_1_105' title='bbox 569 2247 838 2339; x_wconf 76' lang='grc' dir='ltr'><em>πάσανὸριῦντες</em></span> <span class='ocrx_word' id='word_1_106' title='bbox 862 2242 983 2335; x_wconf 71' lang='grc' dir='ltr'><em>ταύτην</em></span> <span class='ocrx_word' id='word_1_107' title='bbox 1003 2246 1189 2334; x_wconf 82' lang='grc' dir='ltr'><em>κινουμένην</em></span> <span class='ocrx_word' id='word_1_108' title='bbox 1206 2240 1267 2335; x_wconf 74' lang='grc' dir='ltr'>τήν</span> <span class='ocrx_word' id='word_1_109' title='bbox 1285 2237 1384 2334; x_wconf 78' lang='grc' dir='ltr'><em>φύσιν</em></span> <span class='ocrx_word' id='word_1_110' title='bbox 1404 2271 1433 2310; x_wconf 90' lang='grc' dir='ltr'>κ.</span> <span class='ocrx_word' id='word_1_111' title='bbox 1454 2268 1485 2309; x_wconf 85' lang='grc' dir='ltr'>τ.</span> <span class='ocrx_word' id='word_1_112' title='bbox 1506 2245 1534 2309; x_wconf 86' lang='grc' dir='ltr'><em>λ</em></span> 
     </span>
     <span class='ocr_line' id='line_1_15' title="bbox 419 2362 1533 2452; baseline -0.009 -20"><span class='ocrx_word' id='word_1_113' title='bbox 419 2371 535 2452; x_wconf 70' lang='lat' dir='ltr'>*ipsius</span> <span class='ocrx_word' id='word_1_114' title='bbox 556 2371 637 2432; x_wconf 87' lang='lat' dir='ltr'>euim</span> <span class='ocrx_word' id='word_1_115' title='bbox 654 2367 835 2428; x_wconf 77' lang='lat' dir='ltr'>Aristotelis</span> <span class='ocrx_word' id='word_1_116' title='bbox 851 2367 1051 2444; x_wconf 81' lang='lat' dir='ltr'>sententiam,</span> <span class='ocrx_word' id='word_1_117' title='bbox 1075 2369 1191 2445; x_wconf 80' lang='lat' dir='ltr'>quaid</span> <span class='ocrx_word' id='word_1_118' title='bbox 1214 2363 1308 2424; x_wconf 88' lang='lat' dir='ltr'>rehus</span> <span class='ocrx_word' id='word_1_119' title='bbox 1331 2362 1533 2423; x_wconf 70' lang='lat' dir='ltr'>sensiltdibus</span> 
     </span>
     <span class='ocr_line' id='line_1_16' title="bbox 431 2458 1534 2567; baseline -0.009 -28"><span class='ocrx_word' id='word_1_120' title='bbox 431 2467 538 2560; x_wconf 79' lang='grc' dir='ltr'><em>πολλη</em></span> <span class='ocrx_word' id='word_1_121' title='bbox 555 2465 579 2559; x_wconf 80' lang='grc' dir='ltr'><em>ἦ</em></span> <span class='ocrx_word' id='word_1_122' title='bbox 597 2471 659 2554; x_wconf 83' lang='grc' dir='ltr'><em>’τρῦ</em></span> <span class='ocrx_word' id='word_1_123' title='bbox 679 2462 835 2557; x_wconf 87' lang='grc' dir='ltr'><em>άορίστου</em></span> <span class='ocrx_word' id='word_1_124' title='bbox 853 2459 953 2555; x_wconf 77' lang='grc' dir='ltr'><em>φάσις</em></span> <span class='ocrx_word' id='word_1_125' title='bbox 967 2458 1152 2554; x_wconf 77' lang='grc' dir='ltr'><em>ἐνυπάρχει,</em></span> <span class='ocrx_word' id='word_1_126' title='bbox 1161 2472 1346 2551; x_wconf 86' lang='lat' dir='ltr'>intelligitur</span> <span class='ocrx_word' id='word_1_127' title='bbox 1360 2472 1434 2550; x_wconf 79' lang='lat' dir='ltr'>apte</span> <span class='ocrx_word' id='word_1_128' title='bbox 1442 2487 1534 2567; x_wconf 85' lang='lat' dir='ltr'>com-</span> 
     </span>
     <span class='ocr_line' id='line_1_17' title="bbox 430 2562 1534 2668; baseline -0.011 -20"><span class='ocrx_word' id='word_1_129' title='bbox 430 2587 534 2668; x_wconf 90' lang='lat' dir='ltr'>parari</span> <span class='ocrx_word' id='word_1_130' title='bbox 559 2594 655 2665; x_wconf 85' lang='lat' dir='ltr'>posse</span> <span class='ocrx_word' id='word_1_131' title='bbox 678 2601 748 2644; x_wconf 87' lang='lat' dir='ltr'>cum</span> <span class='ocrx_word' id='word_1_132' title='bbox 771 2579 954 2660; x_wconf 79' lang='lat' dir='ltr'><strong>Epicharmi</strong></span> <span class='ocrx_word' id='word_1_133' title='bbox 978 2579 1138 2658; x_wconf 82' lang='lat' dir='ltr'>versibus,</span> <span class='ocrx_word' id='word_1_134' title='bbox 1161 2578 1276 2659; x_wconf 89' lang='lat' dir='ltr'>quibus</span> <span class='ocrx_word' id='word_1_135' title='bbox 1298 2566 1450 2638; x_wconf 88' lang='lat' dir='ltr'>contiuua</span> <span class='ocrx_word' id='word_1_136' title='bbox 1473 2562 1534 2637; x_wconf 85' lang='lat' dir='ltr'>do·</span> 
     </span>
     <span class='ocr_line' id='line_1_18' title="bbox 431 2676 1534 2770; baseline -0.008 -16"><span class='ocrx_word' id='word_1_137' title='bbox 431 2703 523 2754; x_wconf 88' lang='lat' dir='ltr'>cetur</span> <span class='ocrx_word' id='word_1_138' title='bbox 543 2676 746 2770; x_wconf 75' lang='grc' dir='ltr'><em>μεταλλογηε</em></span> <span class='ocrx_word' id='word_1_139' title='bbox 770 2697 866 2768; x_wconf 87' lang='lat' dir='ltr'>atque</span> <span class='ocrx_word' id='word_1_140' title='bbox 888 2689 932 2746; x_wconf 90' lang='lat' dir='ltr'>ita</span> <span class='ocrx_word' id='word_1_141' title='bbox 956 2686 1050 2746; x_wconf 86' lang='lat' dir='ltr'>etiam</span> <span class='ocrx_word' id='word_1_142' title='bbox 1073 2685 1277 2765; x_wconf 68' lang='lat' dir='ltr'>reliquerint,</span> <span class='ocrx_word' id='word_1_143' title='bbox 1296 2705 1380 2766; x_wconf 86' lang='lat' dir='ltr'>quae</span> <span class='ocrx_word' id='word_1_144' title='bbox 1400 2694 1534 2746; x_wconf 76' lang='lat' dir='ltr'>seroten-</span> 
     </span>
     <span class='ocr_line' id='line_1_19' title="bbox 431 2789 1533 2881; baseline -0.008 -18"><span class='ocrx_word' id='word_1_145' title='bbox 431 2801 506 2863; x_wconf 83' lang='lat' dir='ltr'>tiam</span> <span class='ocrx_word' id='word_1_146' title='bbox 530 2800 569 2863; x_wconf 92' lang='lat' dir='ltr'>de</span> <span class='ocrx_word' id='word_1_147' title='bbox 592 2789 741 2863; x_wconf 78' lang='lat' dir='ltr'>contiuua</span> <span class='ocrx_word' id='word_1_148' title='bbox 763 2789 950 2881; x_wconf 73' lang='grc' dir='ltr'><em>μετολλυγῇ</em></span> <span class='ocrx_word' id='word_1_149' title='bbox 982 2795 1139 2857; x_wconf 87' lang='lat' dir='ltr'>illustrant</span> <span class='ocrx_word' id='word_1_150' title='bbox 1151 2840 1161 2877; x_wconf 85' lang='lat'><strong><em>,</em></strong></span> <span class='ocrx_word' id='word_1_151' title='bbox 1183 2793 1408 2876; x_wconf 68' lang='lat' dir='ltr'>percommode</span> <span class='ocrx_word' id='word_1_152' title='bbox 1431 2813 1533 2855; x_wconf 80' lang='lat' dir='ltr'>arine-</span> 
     </span>
     <span class='ocr_line' id='line_1_20' title="bbox 430 2900 1530 2973; baseline -0.008 -3"><span class='ocrx_word' id='word_1_153' title='bbox 430 2918 564 2973; x_wconf 86' lang='lat' dir='ltr'>clentur.</span> <span class='ocrx_word' id='word_1_154' title='bbox 588 2907 792 2969; x_wconf 88' lang='lat' dir='ltr'>Nolotameu</span> <span class='ocrx_word' id='word_1_155' title='bbox 814 2904 896 2964; x_wconf 88' lang='lat' dir='ltr'>hacc</span> <span class='ocrx_word' id='word_1_156' title='bbox 921 2903 973 2963; x_wconf 86' lang='lat' dir='ltr'>vol</span> <span class='ocrx_word' id='word_1_157' title='bbox 996 2906 1117 2964; x_wconf 85' lang='lat' dir='ltr'>curtius</span> <span class='ocrx_word' id='word_1_158' title='bbox 1140 2900 1272 2963; x_wconf 85' lang='lat' dir='ltr'>delinire</span> <span class='ocrx_word' id='word_1_159' title='bbox 1293 2902 1346 2961; x_wconf 92' lang='lat' dir='ltr'>vel</span> <span class='ocrx_word' id='word_1_160' title='bbox 1369 2900 1530 2963; x_wconf 80' lang='lat' dir='ltr'>affirmare</span> 
     </span>
     <span class='ocr_line' id='line_1_21' title="bbox 428 2994 1533 3090; baseline -0.004 -13"><span class='ocrx_word' id='word_1_161' title='bbox 428 3014 653 3090; x_wconf 61' lang='lat' dir='ltr'>confidentius²</span> <span class='ocrx_word' id='word_1_162' title='bbox 676 3011 736 3072; x_wconf 88' lang='lat' dir='ltr'>sed</span> <span class='ocrx_word' id='word_1_163' title='bbox 750 3009 969 3077; x_wconf 86' lang='lat' dir='ltr'>tantummodo</span> <span class='ocrx_word' id='word_1_164' title='bbox 992 3008 1193 3069; x_wconf 82' lang='lat' dir='ltr'>curriectandi</span> <span class='ocrx_word' id='word_1_165' title='bbox 1214 3025 1315 3069; x_wconf 76' lang='lat' dir='ltr'>carisa</span> <span class='ocrx_word' id='word_1_166' title='bbox 1337 2994 1533 3088; x_wconf 82' lang='lat' dir='ltr'>proponere:</span> 
     </span>
     <span class='ocr_line' id='line_1_22' title="bbox 429 3114 1532 3201; baseline -0.004 -21"><span class='ocrx_word' id='word_1_167' title='bbox 429 3120 576 3201; x_wconf 78' lang='lat' dir='ltr'>quoidam</span> <span class='ocrx_word' id='word_1_168' title='bbox 597 3118 679 3177; x_wconf 87' lang='lat' dir='ltr'>nulla</span> <span class='ocrx_word' id='word_1_169' title='bbox 691 3116 898 3175; x_wconf 86' lang='lat' dir='ltr'>demonstrari</span> <span class='ocrx_word' id='word_1_170' title='bbox 910 3123 1018 3195; x_wconf 87' lang='lat' dir='ltr'>potest</span> <span class='ocrx_word' id='word_1_171' title='bbox 1030 3115 1211 3175; x_wconf 73' lang='lat' dir='ltr'>necessitas</span> <span class='ocrx_word' id='word_1_172' title='bbox 1226 3115 1408 3175; x_wconf 84' lang='lat' dir='ltr'>Aristotelis</span> <span class='ocrx_word' id='word_1_173' title='bbox 1427 3114 1532 3176; x_wconf 84' lang='lat' dir='ltr'>locum</span> 
     </span>
     <span class='ocr_line' id='line_1_23' title="bbox 428 3222 1536 3305; baseline -0.001 -20"><span class='ocrx_word' id='word_1_174' title='bbox 428 3224 468 3285; x_wconf 90' lang='lat' dir='ltr'>ad</span> <span class='ocrx_word' id='word_1_175' title='bbox 479 3244 548 3305; x_wconf 87' lang='lat' dir='ltr'>cus,</span> <span class='ocrx_word' id='word_1_176' title='bbox 559 3242 640 3305; x_wconf 85' lang='lat' dir='ltr'>quos</span> <span class='ocrx_word' id='word_1_177' title='bbox 653 3242 711 3283; x_wconf 91' lang='lat' dir='ltr'>nos</span> <span class='ocrx_word' id='word_1_178' title='bbox 721 3230 907 3301; x_wconf 82' lang='lat' dir='ltr'>tractamus,</span> <span class='ocrx_word' id='word_1_179' title='bbox 921 3222 1101 3301; x_wconf 77' lang='lat' dir='ltr'>Epicharmi</span> <span class='ocrx_word' id='word_1_180' title='bbox 1114 3240 1231 3295; x_wconf 82' lang='lat' dir='ltr'>versus</span> <span class='ocrx_word' id='word_1_181' title='bbox 1244 3222 1413 3286; x_wconf 77' lang='lat' dir='ltr'>referendi.</span> <span class='ocrx_word' id='word_1_182' title='bbox 1437 3223 1536 3301; x_wconf 75' lang='lat' dir='ltr'>Quod</span> 
     </span>
     <span class='ocr_line' id='line_1_24' title="bbox 429 3330 1529 3413; baseline -0.001 -20"><span class='ocrx_word' id='word_1_183' title='bbox 429 3334 511 3393; x_wconf 87' lang='lat' dir='ltr'>enim</span> <span class='ocrx_word' id='word_1_184' title='bbox 527 3334 563 3393; x_wconf 88' lang='lat' dir='ltr'>&#39;iu</span> <span class='ocrx_word' id='word_1_185' title='bbox 585 3332 647 3393; x_wconf 88' lang='lat' dir='ltr'>hoc</span> <span class='ocrx_word' id='word_1_186' title='bbox 668 3349 731 3393; x_wconf 89' lang='lat' dir='ltr'>uuo</span> <span class='ocrx_word' id='word_1_187' title='bbox 756 3331 937 3413; x_wconf 84' lang='lat' dir='ltr'>fragmento</span> <span class='ocrx_word' id='word_1_188' title='bbox 962 3331 1081 3392; x_wconf 81' lang='lat' dir='ltr'>factum</span> <span class='ocrx_word' id='word_1_189' title='bbox 1105 3330 1264 3411; x_wconf 79' lang='lat' dir='ltr'>vidimus,</span> <span class='ocrx_word' id='word_1_190' title='bbox 1288 3339 1321 3391; x_wconf 94' lang='lat' dir='ltr'>ut</span> <span class='ocrx_word' id='word_1_191' title='bbox 1343 3330 1529 3392; x_wconf 74' lang='lat' dir='ltr'>Eleatarum</span> 
     </span>
     <span class='ocr_line' id='line_1_25' title="bbox 427 3438 1531 3519; baseline 0 -20"><span class='ocrx_word' id='word_1_192' title='bbox 427 3442 544 3519; x_wconf 87' lang='lat' dir='ltr'>placita</span> <span class='ocrx_word' id='word_1_193' title='bbox 558 3440 587 3498; x_wconf 91' lang='lat' dir='ltr'>in</span> <span class='ocrx_word' id='word_1_194' title='bbox 608 3439 839 3499; x_wconf 75' lang='lat' dir='ltr'>contentionem</span> <span class='ocrx_word' id='word_1_195' title='bbox 853 3438 1063 3517; x_wconf 78' lang='lat' dir='ltr'>Epicharmus</span> <span class='ocrx_word' id='word_1_196' title='bbox 1081 3447 1227 3516; x_wconf 60' lang='lat' dir='ltr'>evocaret,</span> <span class='ocrx_word' id='word_1_197' title='bbox 1244 3438 1273 3498; x_wconf 92' lang='lat' dir='ltr'>id</span> <span class='ocrx_word' id='word_1_198' title='bbox 1286 3438 1383 3499; x_wconf 90' lang='lat' dir='ltr'>multo</span> <span class='ocrx_word' id='word_1_199' title='bbox 1400 3442 1531 3518; x_wconf 88' lang='lat' dir='ltr'>saepius</span> 
     </span>
     <span class='ocr_line' id='line_1_26' title="bbox 428 3546 1533 3625; baseline 0.002 -19"><span class='ocrx_word' id='word_1_200' title='bbox 428 3547 468 3607; x_wconf 87' lang='lat' dir='ltr'>ab</span> <span class='ocrx_word' id='word_1_201' title='bbox 486 3564 525 3606; x_wconf 89' lang='lat' dir='ltr'>eo</span> <span class='ocrx_word' id='word_1_202' title='bbox 542 3546 706 3625; x_wconf 87' lang='lat' dir='ltr'>repetitum</span> <span class='ocrx_word' id='word_1_203' title='bbox 718 3546 820 3605; x_wconf 75' lang='lat' dir='ltr'>luisse</span> <span class='ocrx_word' id='word_1_204' title='bbox 831 3546 905 3605; x_wconf 89' lang='lat' dir='ltr'>licet</span> <span class='ocrx_word' id='word_1_205' title='bbox 924 3547 1094 3625; x_wconf 82' lang='lat' dir='ltr'>colligere,·</span> <span class='ocrx_word' id='word_1_206' title='bbox 1107 3546 1195 3605; x_wconf 89' lang='lat' dir='ltr'>itaut</span> <span class='ocrx_word' id='word_1_207' title='bbox 1207 3546 1286 3623; x_wconf 82' lang='lat' dir='ltr'>alios</span> <span class='ocrx_word' id='word_1_208' title='bbox 1300 3561 1427 3625; x_wconf 84' lang='lat' dir='ltr'>quoque</span> <span class='ocrx_word' id='word_1_209' title='bbox 1442 3547 1533 3608; x_wconf 88' lang='lat' dir='ltr'>locos</span> 
     </span>
     <span class='ocr_line' id='line_1_27' title="bbox 427 3652 1533 3734; baseline -0.002 -18"><span class='ocrx_word' id='word_1_210' title='bbox 427 3659 459 3717; x_wconf 90' lang='lat' dir='ltr'>iu</span> <span class='ocrx_word' id='word_1_211' title='bbox 483 3663 589 3715; x_wconf 89' lang='lat' dir='ltr'>mente</span> <span class='ocrx_word' id='word_1_212' title='bbox 612 3653 729 3713; x_wconf 85' lang='lat' dir='ltr'>hahere</span> <span class='ocrx_word' id='word_1_213' title='bbox 752 3652 945 3715; x_wconf 79' lang='lat' dir='ltr'>Aristoteles</span> <span class='ocrx_word' id='word_1_214' title='bbox 971 3655 1119 3733; x_wconf 89' lang='lat' dir='ltr'>potuerit.</span> <span class='ocrx_word' id='word_1_215' title='bbox 1156 3656 1274 3715; x_wconf 85' lang='lat' dir='ltr'>Verum</span> <span class='ocrx_word' id='word_1_216' title='bbox 1302 3656 1381 3715; x_wconf 85' lang='lat' dir='ltr'>haec</span> <span class='ocrx_word' id='word_1_217' title='bbox 1402 3663 1533 3734; x_wconf 87' lang='lat' dir='ltr'>propter</span> 
     </span>
     <span class='ocr_line' id='line_1_28' title="bbox 430 3762 1531 3843; baseline -0.002 -19"><span class='ocrx_word' id='word_1_218' title='bbox 430 3763 711 3843; x_wconf 75' lang='lat' dir='ltr'>Epicharmearum</span> <span class='ocrx_word' id='word_1_219' title='bbox 737 3762 929 3840; x_wconf 77' lang='lat' dir='ltr'>paucitatem</span> <span class='ocrx_word' id='word_1_220' title='bbox 953 3762 1151 3841; x_wconf 79' lang='lat' dir='ltr'>reliquiarum</span> <span class='ocrx_word' id='word_1_221' title='bbox 1178 3766 1324 3822; x_wconf 87' lang='lat' dir='ltr'>omittere</span> <span class='ocrx_word' id='word_1_222' title='bbox 1346 3762 1531 3841; x_wconf 85' lang='lat' dir='ltr'>praestabit.</span> 
     </span>
     <span class='ocr_line' id='line_1_29' title="bbox 442 3867 1545 3949; baseline 0 -18"><span class='ocrx_word' id='word_1_223' title='bbox 442 3872 444 3875; x_wconf 78' lang='grc'><strong>’</strong></span> <span class='ocrx_word' id='word_1_224' title='bbox 515 3870 581 3931; x_wconf 85' lang='lat' dir='ltr'>Sed</span> <span class='ocrx_word' id='word_1_225' title='bbox 606 3878 639 3930; x_wconf 91' lang='lat' dir='ltr'>ut</span> <span class='ocrx_word' id='word_1_226' title='bbox 663 3867 815 3929; x_wconf 78' lang='lat' dir='ltr'>Heracliti</span> <span class='ocrx_word' id='word_1_227' title='bbox 837 3871 1028 3928; x_wconf 87' lang='lat' dir='ltr'>senteutiam</span> <span class='ocrx_word' id='word_1_228' title='bbox 1051 3868 1155 3949; x_wconf 86' lang='lat' dir='ltr'>aliqua</span> <span class='ocrx_word' id='word_1_229' title='bbox 1179 3888 1220 3929; x_wconf 88' lang='lat' dir='ltr'>ex</span> <span class='ocrx_word' id='word_1_230' title='bbox 1237 3877 1329 3949; x_wconf 84' lang='lat' dir='ltr'>parte</span> <span class='ocrx_word' id='word_1_231' title='bbox 1351 3885 1441 3933; x_wconf 81' lang='lat' dir='ltr'>silam</span> <span class='ocrx_word' id='word_1_232' title='bbox 1456 3870 1545 3932; x_wconf 86' lang='lat' dir='ltr'>fecit·</span> 
     </span>
     <span class='ocr_line' id='line_1_30' title="bbox 425 3972 1529 4064; baseline 0.004 -23"><span class='ocrx_word' id='word_1_233' title='bbox 425 3972 651 4058; x_wconf 75' lang='lat' dir='ltr'>Epicharmus,</span> <span class='ocrx_word' id='word_1_234' title='bbox 674 3980 717 4040; x_wconf 87' lang='lat' dir='ltr'>ita</span> <span class='ocrx_word' id='word_1_235' title='bbox 738 3987 843 4038; x_wconf 89' lang='lat' dir='ltr'>tamen</span> <span class='ocrx_word' id='word_1_236' title='bbox 862 3980 967 4056; x_wconf 81' lang='lat' dir='ltr'>magis</span> <span class='ocrx_word' id='word_1_237' title='bbox 983 3980 1023 4040; x_wconf 87' lang='lat' dir='ltr'>ad</span> <span class='ocrx_word' id='word_1_238' title='bbox 1045 3980 1119 4042; x_wconf 89' lang='lat' dir='ltr'>illud</span> <span class='ocrx_word' id='word_1_239' title='bbox 1137 3991 1188 4042; x_wconf 91' lang='lat' dir='ltr'>est</span> <span class='ocrx_word' id='word_1_240' title='bbox 1199 3982 1436 4064; x_wconf 79' lang='lat' dir='ltr'>attendendum,</span> <span class='ocrx_word' id='word_1_241' title='bbox 1446 3984 1529 4064; x_wconf 88' lang='lat' dir='ltr'>qood</span> 
     </span>
     <span class='ocr_line' id='line_1_31' title="bbox 429 4082 1529 4167; baseline 0.008 -24"><span class='ocrx_word' id='word_1_242' title='bbox 429 4085 509 4147; x_wconf 86' lang='lat' dir='ltr'>duas</span> <span class='ocrx_word' id='word_1_243' title='bbox 532 4087 695 4167; x_wconf 78' lang='lat' dir='ltr'>opiniones</span> <span class='ocrx_word' id='word_1_244' title='bbox 718 4086 775 4145; x_wconf 88' lang='lat' dir='ltr'>sihi</span> <span class='ocrx_word' id='word_1_245' title='bbox 800 4084 928 4164; x_wconf 86' lang='lat' dir='ltr'>opponit</span> <span class='ocrx_word' id='word_1_246' title='bbox 955 4094 1050 4167; x_wconf 85' lang='lat' dir='ltr'>atque</span> <span class='ocrx_word' id='word_1_247' title='bbox 1082 4088 1163 4148; x_wconf 84' lang='lat' dir='ltr'>inter</span> <span class='ocrx_word' id='word_1_248' title='bbox 1183 4106 1220 4148; x_wconf 87' lang='lat' dir='ltr'>se</span> <span class='ocrx_word' id='word_1_249' title='bbox 1252 4088 1328 4151; x_wconf 82' lang='lat' dir='ltr'>lacit</span> <span class='ocrx_word' id='word_1_250' title='bbox 1361 4082 1529 4153; x_wconf 82' lang='lat' dir='ltr'>certantes</span> 
     </span>
     <span class='ocr_line' id='line_1_32' title="bbox 430 4175 1530 4275; baseline 0.008 -24"><span class='ocrx_word' id='word_1_251' title='bbox 430 4193 465 4252; x_wconf 95' lang='lat' dir='ltr'>lu</span> <span class='ocrx_word' id='word_1_252' title='bbox 487 4193 548 4255; x_wconf 91' lang='lat' dir='ltr'>hoc</span> <span class='ocrx_word' id='word_1_253' title='bbox 569 4196 694 4275; x_wconf 86' lang='lat' dir='ltr'>quidam</span> <span class='ocrx_word' id='word_1_254' title='bbox 718 4194 836 4255; x_wconf 89' lang='lat' dir='ltr'>initium</span> <span class='ocrx_word' id='word_1_255' title='bbox 859 4193 1015 4274; x_wconf 89' lang='lat' dir='ltr'>quoddam</span> <span class='ocrx_word' id='word_1_256' title='bbox 1047 4195 1313 4275; x_wconf 79' lang='lat' dir='ltr'>deprehendimus</span> <span class='ocrx_word' id='word_1_257' title='bbox 1340 4175 1530 4260; x_wconf 81' lang='lat' dir='ltr'>dialecticae</span> 
     </span>
     <span class='ocr_line' id='line_1_33' title="bbox 431 4292 1530 4387; baseline 0.006 -26"><span class='ocrx_word' id='word_1_258' title='bbox 431 4302 508 4361; x_wconf 90' lang='lat' dir='ltr'>artis</span> <span class='ocrx_word' id='word_1_259' title='bbox 515 4344 528 4387; x_wconf 82' lang='grc'><em>,</em></span> <span class='ocrx_word' id='word_1_260' title='bbox 557 4320 639 4381; x_wconf 88' lang='lat' dir='ltr'>quae</span> <span class='ocrx_word' id='word_1_261' title='bbox 662 4302 817 4364; x_wconf 81' lang='lat' dir='ltr'>deindea</span> <span class='ocrx_word' id='word_1_262' title='bbox 846 4301 999 4382; x_wconf 82' lang='lat' dir='ltr'>sophistis</span> <span class='ocrx_word' id='word_1_263' title='bbox 1027 4303 1244 4377; x_wconf 84' lang='lat' dir='ltr'>excolebatur.</span> <span class='ocrx_word' id='word_1_264' title='bbox 1288 4306 1322 4365; x_wconf 92' lang='lat' dir='ltr'>lu</span> <span class='ocrx_word' id='word_1_265' title='bbox 1345 4292 1530 4368; x_wconf 81' lang='lat' dir='ltr'>universum</span> 
     </span>
     <span class='ocr_line' id='line_1_34' title="bbox 427 4408 1531 4491; baseline 0.005 -21"><span class='ocrx_word' id='word_1_266' title='bbox 427 4409 510 4471; x_wconf 87' lang='lat' dir='ltr'>onim</span> <span class='ocrx_word' id='word_1_267' title='bbox 541 4408 717 4471; x_wconf 83' lang='lat' dir='ltr'>dialecticis</span> <span class='ocrx_word' id='word_1_268' title='bbox 742 4409 875 4491; x_wconf 83' lang='lat' dir='ltr'>argutiis</span> <span class='ocrx_word' id='word_1_269' title='bbox 903 4416 936 4469; x_wconf 90' lang='lat' dir='ltr'>et</span> <span class='ocrx_word' id='word_1_270' title='bbox 958 4410 1076 4470; x_wconf 86' lang='lat' dir='ltr'>crebris</span> <span class='ocrx_word' id='word_1_271' title='bbox 1107 4411 1245 4472; x_wconf 87' lang='lat' dir='ltr'>maxime</span> <span class='ocrx_word' id='word_1_272' title='bbox 1273 4412 1436 4475; x_wconf 89' lang='lat' dir='ltr'>antithetis</span> <span class='ocrx_word' id='word_1_273' title='bbox 1469 4412 1531 4475; x_wconf 72' lang='lat' dir='ltr'>de-</span> 
     </span>
     <span class='ocr_line' id='line_1_35' title="bbox 427 4515 1528 4605; baseline -0.001 -27"><span class='ocrx_word' id='word_1_274' title='bbox 427 4518 568 4580; x_wconf 86' lang='lat' dir='ltr'>lectatus</span> <span class='ocrx_word' id='word_1_275' title='bbox 582 4525 636 4577; x_wconf 87' lang='lat' dir='ltr'>est</span> <span class='ocrx_word' id='word_1_276' title='bbox 648 4518 867 4597; x_wconf 69' lang='lat' dir='ltr'>Epicharmus,</span> <span class='ocrx_word' id='word_1_277' title='bbox 883 4516 925 4579; x_wconf 91' lang='lat' dir='ltr'>de</span> <span class='ocrx_word' id='word_1_278' title='bbox 939 4536 1002 4598; x_wconf 88' lang='lat' dir='ltr'>qua</span> <span class='ocrx_word' id='word_1_279' title='bbox 1020 4516 1147 4579; x_wconf 85' lang='lat' dir='ltr'>redixit</span> <span class='ocrx_word' id='word_1_280' title='bbox 1161 4515 1339 4599; x_wconf 85' lang='lat' dir='ltr'>Grysarius</span> <span class='ocrx_word' id='word_1_281' title='bbox 1351 4522 1528 4605; x_wconf 57' lang='lat' dir='ltr'>paeldsqqt</span> 
     </span>
    </p>
   </div>
   <div class='ocr_carea' id='block_1_3' title="bbox 0 0 1814 5650">
    <p class='ocr_par' dir='ltr' id='par_1_3' title="bbox 0 0 1814 5650">
     <span class='ocr_line' id='line_1_36' title="bbox 0 0 1814 5650; baseline 0 5"><span class='ocrx_word' id='word_1_282' title='bbox 0 0 1814 5650; x_wconf 95' lang='lat' dir='ltr'> </span> 
     </span>
    </p>
   </div>
  </div>
 </body>
</html>
