3617 5650
738 757 944 828 ..39-

285 951 320 1006 ut
343 931 428 1026 quiid
448 935 520 1008 nibil
542 945 661 1010 habeat
684 947 877 1030 oppositum,
902 942 997 1029 quum
1011 951 1054 1012 sit
1067 939 1143 1012 ollis
1155 941 1293 1037 &insopor
1307 943 1383 1016 οάτε

285 1054 544 1142 πεπερασμένον.
565 1046 700 1122 Summa
711 1061 797 1122 enim
812 1061 923 1121 iniuria
936 1056 1000 1120 τῶν
1017 1053 1187 1144 αἰσθητῶν
1208 1071 1241 1123 et
1262 1060 1384 1146 νοητῶν

284 1168 443 1230 notionem
465 1169 497 1229 iii
520 1171 697 1231 Eleaticum
720 1169 894 1232 doetrinam
918 1171 1089 1232 intulerunt
1110 1171 1382 1255 Neo-Platonici:

285 1295 346 1336 neo
368 1297 445 1339 vero
468 1297 598 1358 prorsus
623 1287 675 1340 est
696 1277 992 1360 reprehendendus,
1015 1281 1077 1340 etsi
1099 1298 1210 1358 parum
1231 1286 1387 1340 accurate

209 1402 213 1411 ·
284 1385 424 1467 loeutus,
446 1387 648 1466 Aristoteles,
672 1388 724 1468 qui
747 1388 795 1448 sio
816 1387 927 1448 scribit
947 1387 988 1448 de
1010 1385 1113 1448 Coelo
1130 1389 1186 1468 ΙΙΙ,
1211 1388 1244 1448 l:
1267 1381 1386 1448 ἐκεῖνον

286 1489 323 1555 δὲ
346 1483 402 1554 διά
428 1483 468 1554 τά
495 1489 605 1577 μηθὲν
625 1489 684 1572 μὲν
705 1483 784 1555 litto
806 1483 898 1578 παρά
918 1481 978 1576 τήν
997 1490 1061 1554 τῶν
1082 1486 1255 1578 αἰσθητῶν
1273 1483 1385 1556 orietur

285 1589 527 1680 ὑπολαμβάνοιτ’
546 1591 639 1680 εἶναι,
658 1591 812 1676 τοιαύτας
832 1600 869 1664 δέ
884 1607 974 1676 τινας
984 1600 1098 1685 νοῆσαι
1111 1599 1237 1687 πρῶτον
1257 1589 1385 1686 φάσεις

286 1706 383 1794 εἴπερ
412 1702 504 1772 ἔσται
533 1731 584 1782 τις
612 1707 728 1794 γνῶσις
756 1701 776 1795 ἢ
802 1697 978 1796 φρόνησις,
1003 1702 1089 1773 οὕτω
1110 1697 1307 1792 μετήνεγκαν
1327 1703 1394 1771 ἐπὶ.

282 1814 388 1878 ταῦτα
407 1808 485 1890 τούς
506 1813 636 1880 ἐκεῖθεν
657 1807 786 1900 λόγοοςτ
803 1799 921 1900 ιιοιηοο
945 1822 1027 1880 enim
1045 1833 1110 1880 'ros
1132 1819 1384 1899 intelligibilem

283 1928 483 1992 sensibilibus
507 1931 714 1993 distinxerunt
737 1907 881 1992 Eleatae.
926 1929 1182 1991 Aooeditauteni
1199 1927 1283 2008 quod
1301 1930 1389 1988 oon-²

284 2041 372 2102 tinus
393 2034 525 2124 αι’νησις,
546 2059 640 2123 quam
666 2036 910 2102 Karste‘nius
932 2061 974 2101 ex
997 2041 1179 2100 Eleatarum
1200 2043 1309 2098 monte
1331 2035 1385 2096 ai-

284 2149 462 2210 firmantem
484 2149 561 2210 facit
584 2145 829 2229 Epiolrarmum,
853 2169 894 2208 ne
916 2164 988 2208 orrm
1010 2147 1051 2206 iis
1071 2145 1196 2224 quidem
1219 2144 1393 2220 οοοναοὶῑ,Ζ

284 2274 367 2338 quae
389 2245 472 2316 κατά
494 2243 593 2332 δόξαν
617 2257 661 2318 illi
683 2265 924 2337 praeceperunt.
977 2257 1062 2316 Nam
1095 2258 1156 2316 etsi
1178 2256 1383 2317 mutationem

285 2383 361 2426 esse
383 2351 465 2424 κατά
487 2349 586 2452 δόξαν
610 2381 672 2423 uon
698 2371 873 2442 negarunt,
901 2383 964 2423 uon
990 2373 1059 2424 erat
1090 2372 1195 2424 tanuen
1228 2381 1286 2424 our
1308 2377 1384 2422 'eam

284 2475 466 2536 continuam
480 2493 555 2536 esse
571 2471 736 2535 docerent:
760 2473 862 2554 qualis
879 2474 1006 2554 quidem
1024 2493 1063 2534 eo
1082 2474 1274 2552 exprimitur,
1298 2473 1384 2553 quod

286 2581 430 2645 homines
453 2581 788 2664 singulisquibusqne
808 2580 920 2643 diebus
936 2581 988 2641 alii
1001 2599 1076 2641 esse
1093 2579 1248 2641 dicuntur.
1270 2580 1383 2657 (liran-

284 2713 377 2774 quam
399 2701 504 2754 auteur
528 2689 767 2752 concedendum
791 2699 857 2770 est,
888 2691 1066 2770 opinionum
1096 2688 1313 2751 diversitatem
1341 2708 1383 2752 ex

286 2793 444 2864 liomiuurn
465 2800 652 2862 diversitate
668 2801 831 2879 explicaro
843 2799 990 2864 Eleates:
1013 2807 1118 2861 tamen
1132 2797 1163 2859 id
1179 2809 1249 2861 eam
1260 2804 1383 2860 tanturn

266 2886 269 2905 ⁴
285 2912 350 2971 virn
373 2910 479 2988 habet,
503 2917 537 2969 ut
559 2926 669 2968 omnes
685 2907 829 2968 homines
845 2892 925 2967 inter
941 2926 978 2967 se
993 2906 1133 2985 differre,
1155 2926 1217 2965 non
1231 2915 1265 2966 ut
1278 2923 1383 2966 rinus·

286 3022 423 3099 quisque
451 3036 470 3077 a
499 3035 536 3076 so
561 3014 634 3095 ipse
663 3015 790 3076 differre
820 3014 1002 3096 quotidiana
1031 3016 1204 3076 mutatione
1224 3022 1381 3095 putentur.

284 3126 333 3186 no
355 3134 444 3185 certe
465 3108 597 3203 spectat
614 3122 907 3203 illudXenopbauis
924 3122 1008 3203 apud
1023 3122 1221 3185 Clementem
1235 3124 1381 3184 Alexan·
1455 3197 1459 3203 Ι

285 3232 406 3293 drinum
428 3233 545 3293 Strom.
569 3232 612 3305 V,
632 3232 708 3309 601,
732 3230 816 3311 quod
840 3232 887 3290 sio
910 3232 1050 3291 restituit
1073 3231 1332 3293 Karstenius:
1387 3237 1393 3252 '

408 3328 496 3399 Ἀλλ’
511 3332 600 3397 εἲτὸι
621 3325 735 3419 χεῖράς
754 3334 786 3416 γ’
806 3323 902 3411 εἶχον·
915 3323 994 3413 βόες
1014 3324 1053 3417 ἠὲ
1074 3330 1210 3410 λέοντες,

338 3446 342 3453 ’
408 3438 430 3530 ἢ
451 3432 580 3531 γράψαι
601 3439 747 3527 χείρεσσι
767 3438 822 3503 καὶ
845 3433 923 3527 ἔργα
942 3436 1053 3502 τελεῖν·
1069 3431 1158 3525 άπερ
1180 3431 1308 3526 ἄνδρες,

409 3549 464 3615 καλ
485 3574 521 3615 κε
542 3546 743 3625 ’θεῶν’ἰδέας
764 3542 904 3635 ἔγραφον
925 3546 980 3612 καὶ
1001 3538 1125 3631 σάματ’
1146 3546 1288 3629 ἐποίουν,

377 3668 379 3671 ’
407 3658 539 3723 τοιαῦθ’
562 3648 632 3721 οἷόν
654 3680 719 3744 περ
741 3650 854 3721 καύτοὶ
876 3655 980 3737 δέμας
999 3647 1087 3735 εἶχον
1108 3653 1258 3738 ἕκαστον,

407 3764 508 3856 ἵπποι
531 3765 590 3849 μέν
612 3768 648 3829 θ’
668 3762 813 3845 ἵπποισι,
834 3754 913 3847 βόες
933 3764 971 3829 ‹le'
991 3782 1029 3831 τε
1049 3765 1163 3849 poziolo
1184 3760 1305 3849 ὁμοῖον.

285 3884 318 3970 el
340 3880 539 3944 Parmenidis
563 3878 645 3959 apud
669 3880 872 3941 Aristotelem
894 3878 1037 3961 Metaph.
1060 3884 1116 3961 ΙΙΙ,
1137 3882 1173 3942 52

362 4008 366 4015 ·
407 3968 458 4061 ὦς’
473 3976 535 4071 γάρ
557 3974 683 4068 ἑκάστην
706 3976 773 4074 ἔχει
797 3984 912 4072 κρᾶσις
932 3985 1058 4067 μελέων
1078 3975 1345 4068 πολυπλάγκταν,

409 4084 474 4167 τῶς
495 4084 567 4167 νόος
589 4080 797 4179 ἀνθρώποισι
818 4090 1031 4179 παρέστηκεν·
1051 4084 1090 4155 τά
1110 4084 1173 4179 γάρ
1194 4084 1274 4158 οὖτά

286 4208 531 4221 m

353 4248 538 4296 Brundisio
558 4226 655 4297 auctor
670 4248 821 4310 appellatus
831 4248 868 4297 sit
885 4247 1050 4297 idealisticae
1062 4247 1184 4298 rationis.
1202 4250 1304 4299 Verum
1323 4254 1383 4300 Me-

342 4338 447 4386 'lissum
465 4351 515 4386 neo
533 4339 668 4401 cognitum
688 4340 784 4387 habere
803 4340 891 4399 potuit
902 4340 1087 4401 Epicharmus,
1098 4353 1148 4390 nee
1166 4356 1232 4392 vero
1250 4342 1307 4392 eius
1320 4357 1385 4391 sen-

356 4430 439 4479 tentia
457 4430 541 4479 insita
557 4435 599 4480 est
616 4431 644 4479 in
662 4432 842 4503 antiquiorum
866 4432 1023 4482 Eleutarum
1046 4433 1216 4499 rationibus,
1235 4434 1308 4485 utin
1327 4448 1386 4483 eam

340 4522 431 4572 ultro
448 4522 575 4573 inaruisse
592 4523 664 4573 orent
683 4522 770 4587 possit
787 4524 917 4574 comicus.
