3617 5650
908 779 1117 841 ...20-

464 966 900 1048 abEpicharmoabiudlcare
921 966 1022 1026 satius
1044 966 1119 1028 erit:
1142 966 1319 1027 sinautem
1342 967 1373 1026 in
1396 965 1563 1029 trochaico

454 1076 654 1162 -lragmento,
676 1074 791 1153 quippe
812 1074 901 1133 cuius
922 1072 962 1132 de
983 1074 1119 1152 genuina
1141 1074 1263 1154 origine
1283 1073 1369 1134 haud
1384 1074 1562 1152 possitdu-

463 1183 567 1263 bitari,
590 1182 777 1242 Platonicae
799 1181 872 1240 illac
895 1181 1073 1240 sententiae
1096 1180 1338 1262 indagabuntur,
1363 1200 1422 1241 eae
1444 1179 1577 1260 quovis'

462 1300 559 1371 pacto
588 1289 778 1352 studendum
809 1292 869 1351 erit
897 1298 933 1350 ut
955 1290 1008 1350 vel
1029 1287 1264 1368 interpretando
1286 1292 1340 1350 vel
1364 1291 1563 1352 emendando

463 1409 679 1462 amoveantur.
709 1398 834 1457 Etenim
850 1398 877 1456 si
890 1386 1037 1479 αἰσθητοὶ
1059 1405 1092 1456 et
1114 1385 1212 1477 repeti
1228 1397 1280 1456 vel
1295 1396 1386 1457 ideas
1400 1397 1563 1476 Epichar-

464 1521 546 1564 mum
577 1504 706 1582 cognita
734 1501 883 1563 habuisse
914 1503 1083 1562 manifesto
1114 1501 1175 1562 hoc
1197 1503 1410 1583 fragmentum
1434 1514 1562 1585 arguet,

462 1631 524 1672 non
547 1611 662 1690 poterit
685 1629 744 1669 non
769 1619 879 1689 totam,
904 1629 985 1688 quae
997 1609 1164 1688 hucusque
1177 1609 1290 1670 tradi't'a
1302 1621 1334 1670 et
1349 1612 1478 1671 exculta
1493 1619 1559 1689 est,

461 1726 624 1786 historiam
648 1723 866 1804 philosophiae
888 1722 1032 1782 immites
1057 1730 1219 1783 evertere:
1241 1720 1284 1780 ita
1307 1729 1342 1781 ut
1364 1741 1425 1781 non
1448 1719 1561 1784 iniuria

462 1831 536 1893 illud
561 1850 580 1892 a
603 1849 662 1892 sua
685 1831 849 1908 disciplina
872 1831 1015 1890 arcuisse
1040 1829 1216 1900 videantur,
1240 1829 1291 1908 qui
1308 1830 1470 1890 historiam
1487 1831 1561 1913 phi·

462 1939 626 2018 losophiae
647 1945 834 1999 tractarunt.
878 1938 1033 1997 Nimirum
1058 1937 1098 1997 de
1120 1937 1300 2016 Epicharmi
1318 1937 1440 1997 ratione
1456 1937 1560 2016 philo-

461 2046 719 2127 suphan·di·tunc
742 2046 865 2105 demum
889 2055 978 2104 recte
999 2043 1206 2123 iudicabitur,
1236 2046 1264 2104 si
1287 2044 1558 2125 perpenderimus,

462 2169 524 2230 qua
553 2159 660 2212 aetate
686 2150 801 2210 vixerit
831 2148 997 2228 qualisque
1019 2169 1058 2209 eo
1080 2151 1212 2210 vivente
1234 2147 1332 2208 luerit
1362 2157 1467 2209 status
1488 2150 1560 2228 phi-

460 2257 635 2336 losophiae.
679 2255 888 2334 Epicharmus
909 2261 1015 2315 autem
1039 2256 1122 2336 quod
1147 2256 1176 2315 in
1192 2273 1348 2315 marmoee
1360 2255 1454 2316 Pario
1469 2258 1559 2319 simul

462 2365 697 2424 cum'Hierone
719 2361 761 2422 ad
785 2361 833 2421 01.
856 2362 981 2422 LXXV
985 2364 1036 2438 11,
1062 2362 1251 2435 lvrelcrtur,
1275 2361 1305 2422 id
1328 2363 1443 2424 nullam
1466 2365 1558 2426 aliam

462 2472 501 2532 oh
526 2487 656 2532 causam
681 2471 799 2531 factum
830 2465 980 2551 apparet,
1012 2489 1106 2550 quam
1134 2470 1220 2550 quod
1243 2471 1383 2532 Hierone
1404 2481 1560 2554 regnante

462 2579 631 2640 maximam
661 2585 711 2637 est
741 2577 873 2659 gloriam
905 2576 1041 2655 adeptus
1073 2596 1177 2656 eoque
1208 2579 1279 2638 eius
1307 2582 1461 2642 memoria
1481 2583 1559 2642 dere

460 2701 533 2745 cum
556 2685 696 2744 Hierone
719 2683 927 2765 coniungitur.
972 2685 1055 2761 Quin
1078 2686 1189 2765 etiam,
1204 2689 1246 2746 'si
1271 2691 1437 2751 marmoris
1460 2692 1559 2752 verba

452 2792 642 2873 premimus,
665 2809 727 2852 non
742 2809 780 2852 eo
799 2792 1049 2873 annolloruisse,
1073 2791 1132 2855 sed
1143 2794 1293 2856 Hieronis
1306 2797 1447 2877 aequalis
1458 2797 1560 2859 fuisse

460 2901 597 2964 dieiturt·
611 2886 648 2984 ἦν
670 2894 707 2961 δὲ
729 2894 784 2959 καὶ
803 2888 1006 2981 Ἐπίχαρὰιιος
1027 2888 1046 2960 ὁ
1068 2889 1207 2984 ποιητῆς
1228 2892 1311 2963 aare?
1331 2900 1454 2965 τοῦτον.
1470 2902 1557 2967 'Nec

458 3015 566 3089 tamen
600 3004 727 3066 videtur
756 3006 884 3065 multum
917 3008 1069 3085 temporis
1098 3008 1265 3086 superstes
1296 3011 1397 3072 luisse
1417 3012 1559 3092 Hieroni,

462 3115 514 3192 qui
534 3113 616 3173 diem
641 3112 716 3173 obiit
733 3112 1028 3191 01.LXXV111‚2:
1051 3134 1123 3174 nam
1146 3123 1220 3193 post
1242 3116 1311 3177 eius
1328 3126 1461 3178 mortem
1474 3118 1557 3179 haud

459 3227 654 3283 memoratur
676 3220 818 3299 amplius.
871 3222 992 3281 Contra
1022 3221 1082 3279 iam
1106 3231 1180 3281 ante
1202 3220 1335 3284 Gelonis
1356 3225 1558 3304 tyrannidem

410 3312 413 3319 ’
460 3326 635 3407 Syracusis
659 3324 789 3386 traditur
810 3324 934 3385 fabulas
956 3324 1107 3384 docuisse
1129 3323 1179 3386 01.
1197 3326 1383 3408 exoluta
1404 3327 1556 3404 (Suidasz

459 3420 499 3513 ἦν
521 3428 557 3492 δὲ
580 3420 647 3513 πρὸ
668 3428 732 3489 τῶν
754 3427 925 3512 Περσικῶν
944 3420 1000 3511 ἔτη
1022 3422 1059 3505 ἓξ
1080 3419 1244 3493 διδάσκων
1274 3422 1307 3493 ἐν
1326 3422 1558 3515 Συρακούσαις,

460 3554 596 3619 quocum
623 3538 758 3596 concinit
791 3539 976 3614 Arronymus
1007 3554 1042 3593 π.
1066 3555 1163 3612 armat
1206 3525 1340 3621 χρόνους
1372 3535 1410 3599 δὲ
1444 3536 1554 3620 γέγονε

461 3632 543 3703 uoco?
556 3630 613 3723 τήν
627 3629 671 3721 oy'
688 3627 926 3719 Ὀλυμπιάδα).
952 3640 1056 3718 Quum
1073 3660 1149 3702 vero
1164 3646 1221 3703 sub
1245 3644 1326 3705 idem
1349 3647 1416 3706 fere
1431 3656 1557 3727 tempus

461 3742 584 3829 (ἔτεσιν
616 3735 699 3807 ὀκτώ
725 3735 791 3827 πρὸ
810 3732 882 3805 ’τῶν
905 3743 1094 3828 Ileporaoir)
1116 3749 1253 3813 Athenis
1273 3752 1303 3811 in
1325 3768 1456 3813 scenam
1480 3774 1556 3833 pro·

460 3859 559 3919 diisse
578 3853 765 3918 Chionidem
789 3862 900 3913 auctor
923 3858 965 3915 sit
987 3857 1105 3916 Suidas
1129 3859 1233 3937 (quod
1254 3858 1382 3937 quidem
1405 3862 1554 3921 testimo·

461 3966 542 4024 nium
565 3974 685 4024 temere
707 3961 816 4020 reiecit
839 3960 1073 4023 Meinekius
1097 3965 1125 4023 in
1149 3964 1221 4028 hist.
1243 3982 1323 4025 corn.
1351 3964 1409 4027 Gr.
1432 3967 1555 4045 paz),

459 4086 620 4151 quumque
641 4070 681 4129 ab
704 4054 878 4126 Aristotele
901 4068 989 4127 Poet.
1012 4068 1034 4127 2
1054 4068 1177 4128 dicatur
1198 4066 1311 4149 πολλῷ
1331 4059 1493 4153 πρότερος
1513 4064 1557 4130 ὢν

457 4170 688 4237 Χιωνίδουκαὶ
702 4161 889 4255 llldyrprog:
915 4176 1061 4255 Megaris
1083 4176 1217 4236 dubitari
1240 4178 1350 4257 nequit
1370 4180 1443 4256 quin
1460 4182 1556 4241 multo

453 4290 623 4348 iamante
650 4286 773 4345 fabulas
803 4285 953 4345 docuerit.
1005 4283 1193 4345 Chionidem
1222 4286 1319 4365 lunge
1348 4288 1555 4352 recentiorem

453 4396 536 4457 decit
556 4396 750 4467 Memmius,
774 4394 845 4471 quia
869 4394 1052 4471 Epicharmi
1075 4383 1189 4475 εἰκμήν,
1209 4414 1293 4474 qrrac
1315 4396 1442 4474 quidem
1464 4397 1556 4457 uobis

454 4504 530 4585 ipse
549 4509 600 4563 ast
620 4499 816 4579 indaganda,
840 4501 925 4561 circa
940 4498 1141 4563 0110111111
1162 4518 1237 4563 esse
1251 4500 1447 4566 credideram
1471 4503 1554 4583 qued

638 4929 1186 5279 i).
