3617 5650
724 791 932 856 433...

273 1001 339 1044 non
361 981 400 1044 ad
425 999 481 1044 aas
503 983 587 1043 entis
610 989 753 1044 naturam
776 982 967 1046 transferre:
987 983 1081 1065 idque
1095 983 1170 1047 fecit
1185 986 1378 1052 Aristoteles

276 1089 321 1150 de
341 1090 425 1150 Xan.
447 1089 529 1152 Zeu.
553 1085 652 1169 Gorg.
675 1090 710 1150 4:
735 1078 784 1150 ἔτι
804 1077 900 1150 οὐδὲν
920 1084 1044 1168 μᾶλλον
1064 1079 1083 1151 ὁ
1104 1080 1187 1165 θεός
1207 1081 1379 1178 οἷχὲννητος

272 1185 372 1279 ἢκαὶ
400 1180 506 1255 τᾶλλα
533 1181 656 1269 πάντα,
690 1189 786 1278 εἴπερ
813 1183 944 1255 ἅπαντα
972 1188 1010 1272 ἐξ
1037 1184 1152 1287 ὁμοίου
1178 1188 1378 1280 ἢυῖνομοίου

273 1297 413 1384 γέγονεν·
436 1292 521 1386 ὅπερ
544 1291 713 1364 υἷδόνατον.
741 1295 828 1364 ὥστε
849 1293 871 1387 ἢ
892 1293 987 1365 οὐδέν
1008 1298 1079 1366 ἐστι
1099 1294 1191 1388 παρα
1212 1298 1268 1368 τόν
1287 1297 1379 1384 θεόν,

272 1403 297 1497 ἢ
325 1407 381 1472 καὶ
408 1397 513 1472 τᾶλλα
539 1401 632 1473 ἀΐδια
658 1400 776 1474 πάντα.
827 1412 1000 1491 Quaeritur
1030 1415 1113 1474 enim
1141 1414 1195 1476 hio
1222 1415 1261 1476 de
1283 1417 1380 1480 rebus

276 1518 457 1599 mundanis,
480 1521 592 1601 quales
616 1535 732 1582 revera
754 1519 835 1601 sint,
858 1537 921 1580 non
944 1526 1103 1600 quatenns
1126 1522 1275 1585 sensibus
1297 1525 1381 1586 sub-

266 1631 382 1691 ieotae
404 1635 479 1688 sunt
501 1633 533 1688 et
555 1613 651 1698 δόκος
672 1619 728 1688 ἐντὶ
749 1621 833 1686 πᾶσι
850 1620 1011 1687 τέτυκται.
1053 1627 1188 1710 Propius
1209 1639 1317 1693 autom
1339 1633 1381 1695 ad

250 1735 364 1837 killam
394 1736 434 1796 ab
456 1733 634 1795 Aristotele
664 1732 832 1796 indicatam
861 1734 1054 1796 sententiam
1081 1738 1223 1800 accessit
1244 1739 1380 1803 Parme.-

271 1843 381 1927 nides,
404 1843 534 1925 quiens
557 1861 615 1923 per
632 1861 738 1903 rerum
761 1851 905 1904 naturam
928 1845 1019 1925 quasi
1034 1864 1211 1925 expansum
1226 1848 1313 1932 lecit,
1337 1851 1382 1913 ita

272 1961 312 2014 ut
335 1951 365 2013 ei
386 1941 421 2012 ἓν
443 1951 516 2013 sive
544 1940 580 2012 dr
611 1947 857 2031 prorsus'idem
885 1951 1004 2012 evadat
1035 1969 1075 2013 ae
1102 1948 1169 2014 πᾶν
1203 1954 1274 2016 sive
1297 1945 1382 2033 ὅλον,

271 2061 368 2122 velut
389 2059 420 2119 in
444 2059 493 2120 his
515 2059 664 2120 versibus
687 2057 771 2140 apud
792 2059 992 2138 Simplicium
1015 2059 1116 2140 Phys.
1141 2059 1198 2126 192

366 2197 369 2204 »
403 2155 489 2228 Οὐδὲ
509 2152 675 2250 διαίρετόν
697 2159 793 2241 ἐστιν,
822 2159 897 2227 ἐπεὶ
919 2161 986 2227 πᾶν
1009 2159 1097 2228 ἐστιν
1117 2156 1240 2248 ὅμοιον,
1337 2204 1340 2207 ν

401 2261 478 2334 οὐδέ
499 2291 532 2334 τι
552 2269 593 2357 τῇ
613 2267 737 2351 μᾶλλον
759 2258 797 2334 τό
819 2291 873 2334 κεν
894 2268 999 2357 εἴργοι
1018 2292 1075 2351 μιν
1096 2270 1294 2353 ξυνέχεσθαι

334 2425 338 2432 .
404 2367 480 2440 odde'
502 2398 535 2438 τι
555 2367 751 2462 χειρότερον·
773 2374 839 2440 πᾶν
861 2373 898 2440 δὲ
920 2373 1022 2440 πλέον
1043 2373 1132 2441 ἐστὶν
1152 2369 1270 2456 ἐόντος

401 2481 458 2567 ’τῷ
478 2479 609 2562 ξυνεχὲς
629 2481 695 2546 ττᾶν
717 2479 814 2561 ἐστιν,
836 2473 889 2546 ἐόν
909 2474 971 2569 χεὶρ
994 2473 1079 2546 ἐόντι
1099 2476 1247 2564 πελάζει.

276 2596 371 2676 Quod
380 2615 437 2658 ens
448 2600 513 2659 enti
523 2596 696 2659 colnaerero
708 2596 795 2676 dicit,
813 2595 944 2658 extendi
956 2615 1013 2676 per
1028 2598 1134 2659 emnia
1146 2617 1204 2660 ens
1212 2601 1382 2683 signifieat,

276 2708 340 2767 etsi
358 2707 495 2768 obscure
509 2706 679 2789 signifieat.
703 2703 814 2784 Quid?
836 2703 921 2786 quod
933 2718 1021 2766 reete
1035 2703 1103 2766 fere
1117 2708 1308 2785 Aristoteles
1330 2731 1380 2794 ea,

278 2832 363 2894 quae
387 2812 427 2874 de
449 2821 523 2875 ente
545 2824 779 2894 praeceperunt
794 2815 941 2897 Eleatae,
963 2814 1004 2876 ad
1020 2815 1129 2879 mundi
1141 2817 1382 2885 universitatem

279 2922 400 3002 retulit,
423 2920 534 2981 iniuria
556 2922 595 2983 ob
620 2940 690 2983 eam
704 2942 770 2983 rem
787 2924 1002 3003 reprehensus
1018 2942 1038 2983 a
1057 2903 1284 2991 Karstenio.
1308 2932 1385 3010 lpse

277 3028 361 3089 enirn
384 3028 640 3109 KarsteniuS,
664 3046 842 3110 quanquam
864 3028 895 3089 id
918 3028 1081 3111 diffitetur,
1104 3031 1383 3099 Neo-Platonicos

275 3136 383 3215 magis
407 3153 500 3215 quam
527 3138 735 3199 Aristotelem
761 3138 917 3218 sequitur,
941 3156 1034 3219 qnnm
1056 3138 1193 3220 logicam
1215 3160 1273 3221 pro
1296 3142 1383 3225 phy-

276 3242 347 3303 sica
367 3252 488 3304 statuat
509 3244 591 3304 entis
615 3252 782 3324 naturam,
807 3259 902 3325 atque
924 3246 952 3304 si
977 3263 1038 3311 non
1060 3248 1321 3325 appellationem,
1349 3260 1408 3317 at·

277 3358 386 3411 tamen
409 3350 555 3411 notiones
576 3344 640 3409 τῶν
661 3345 782 3431 νοηλιῦν
796 3357 828 3409 et
841 3340 1012 3431 αἰσθητῶν
1031 3350 1062 3408 in
1077 3370 1185 3411 eorum
1205 3354 1380 3418 doctrinam

278 3458 403 3521 inierat.
449 3457 613 3517 Aristoteli
636 3463 743 3517 autem
765 3463 938 3535 propterea
960 3457 1097 3517 maxime
1114 3456 1208 3519 iidem
1230 3460 1382 3545 denegat,

278 3566 363 3647 quod
387 3566 438 3625 ille
462 3568 492 3624 in
516 3562 725 3643 antiquiorum
749 3562 874 3642 placitis
896 3564 1095 3642 exponendis
1118 3568 1249 3647 saepius
1271 3571 1382 3633 obtre-

278 3672 385 3733 etandi
409 3671 536 3731 libidine
560 3670 706 3763 dueatur,
729 3668 844 3729 deinde
870 3672 966 3731 etiam
988 3688 1065 3732 suas
1088 3674 1234 3735 notiones
1256 3677 1381 3741 illorum

184 3812 189 3821 ·
279 3783 452 3843 sententiis
475 3777 612 3858 adiiciat.
658 3778 751 3855 Quod
775 3789 951 3839 extremum
974 3785 1037 3842 etsi
1060 3795 1149 3845 reete
1172 3787 1307 3861 monuit,
1330 3796 1383 3849 ta-

281 3908 351 3950 men
373 3890 420 3949 ita
440 3886 517 3947 suas
540 3888 687 3946 notiones
710 3884 938 3965 antiquioribus
968 3888 1121 3950 adbibere
1145 3893 1229 3953 solet
1250 3895 1382 3957 Aristo-

280 3998 373 4075 teles,
397 4002 433 4055 ut
455 4014 494 4053 ne
517 4010 625 4053 eorum
647 3994 825 4053 sententias
840 3998 971 4072 penitus
985 4008 1165 4077 pervertat:
1188 4002 1278 4063 velut
1299 4006 1382 4085 quod

280 4102 414 4165 Eleates
435 4100 536 4161 solum
559 4087 600 4159 τό
622 4087 770 4181 αἰσθητυῖ
792 4106 981 4181 respexisse
1003 4101 1099 4185 dicit,
1122 4108 1279 4170 vocabulo
1301 4130 1382 4173 usus

282 4224 333 4277 est
355 4214 481 4277 minime
502 4210 757 4290 accommodato,
779 4228 875 4291 quum
900 4212 1007 4273 dicere
1023 4212 1186 4277 debuisset
1197 4206 1239 4277 ed
1251 4210 1384 4301 φυσικοὶ,

245 4332 247 4347 ·
281 4322 340 4384 sed
370 4341 438 4385 rem
467 4328 553 4382 recte
583 4318 776 4402 designavit.
832 4318 1005 4381 Praeterea
1035 4328 1068 4380 ut
1100 4321 1141 4381 de
1174 4326 1382 4406 antiquiorum

281 4430 429 4492 laudibus
450 4429 578 4490 nimium
606 4425 773 4487 detrahere
805 4424 980 4507 studuerit,
1013 4434 1119 4489 tamen
1141 4430 1172 4491 in
1194 4434 1381 4496 universnm

282 4537 532 4617 obtrectatores,
563 4530 657 4595 modo
687 4531 731 4594 illi
752 4532 899 4597 veritatis
920 4529 1025 4595 studio
1047 4551 1111 4594 non
1131 4534 1283 4616 destituti,
1306 4555 1382 4600 me-

1155 4640 1178 4704 3
