3617 5650
890 769 1095 834 ..34-

446 959 542 1021 liores
582 958 691 1018 haberi
739 964 839 1018 testes
879 965 1013 1036 possunt
1052 975 1145 1037 quam
1183 957 1388 1034 laudatoreS,
1428 961 1545 1040 qrrales

435 1069 572 1130 luerunt
594 1065 873 1127 Neo-Platonici:
906 1081 985 1135 narn,
1008 1083 1048 1126 ea
1075 1066 1227 1126 attentius
1249 1067 1545 1136 ferelconsiderarc

444 1185 477 1237 ιι
498 1175 688 1255 perscrutari
717 1173 875 1246 solemus,
909 1191 992 1254 quae
1021 1173 1315 1256 reprehendimus„
1337 1182 1430 1254 quam
1458 1195 1545 1257 qrrae

359 1353 363 1362 ,
443 1285 551 1366 magni
572 1285 734 1346 habemus.
780 1283 941 1362 Quantum
959 1292 1065 1356 antem
1084 1284 1113 1343 in
1130 1284 1336 1364 Empedoclis
1351 1288 1544 1366 exponenda

443 1394 576 1470 ratione,
600 1391 649 1452 cni
672 1389 803 1450 eandem
820 1381 990 1471 αἰσθνμιῦν
1003 1398 1034 1450 ιι
1047 1385 1166 1471 ιςοητών
1189 1391 1349 1453 notionem
1372 1391 1543 1457 obtrudere

443 1499 645 1574 studuerunt,
668 1496 817 1558 alucinati
839 1495 902 1556 sint
925 1481 1198 1577 Neo-Platonici,
1227 1497 1322 1558 etiam
1346 1497 1542 1577 Simplicius,

440 1609 512 1688 ipse
541 1607 675 1688 egregie
708 1605 816 1666 docuit
845 1605 1083 1672 Karstenius
1111 1605 1142 1664 in
1165 1605 1370 1684 Empedoclis
1400 1607 1541 1686 reliqniis

442 1737 472 1798 p.
494 1712 683 1777 too-377.
738 1707 858 1774 Contra
882 1713 1074 1779 Aristoteles
1106 1714 1156 1773 vel
1178 1713 1251 1774 ideo
1274 1713 1370 1782 fidem
1391 1725 1540 1793 meretur,

443 1824 516 1904 quia
537 1823 569 1884 in
590 1808 795 1902 implicandis,
821 1839 904 1901 quoe
919 1821 1151 1885 adEleatarum
1168 1824 1347 1890 ,sententias
1370 1823 1540 1902 pertinent,

441 1930 640 2000 eximiesibi
665 1937 806 1992 constat:
836 1932 941 1990 omnia
969 1932 1051 1991 eninr
1082 1928 1152 1988 eius
1173 1927 1367 1997 ,diota-iude
1389 1927 1541 2008 proticis-

441 2047 567 2120 euntur,
590 2037 672 2118 quod
696 2037 872 2104 Eleaticum
896 2055 954 2097 ens
976 2037 1134 2098 derorum
1151 2039 1367 2098 universitate
1383 2037 1538 2118 intelligit.

440 2149 478 2207 ln
512 2165 575 2226 quo
606 2147 733 2206 minime
765 2145 841 2206 illud
871 2163 997 2226 quoquc
1026 2153 1076 2206 est
1105 2145 1424 2225 praetervidenduru,
1447 2146 1539 2228 quud

440 2253 633 2316 Aristoteles
656 2271 726 2332 cum
752 2253 885 2312 Platone
909 2253 1060 2327 concinit,
1083 2254 1134 2332 qui
1150 2240 1235 2312 ἓντοὶ
1248 2239 1358 2312 πάντα
1372 2273 1413 2315 ex
1432 2273 1539 2314 corum

440 2363 599 2421 sententia
624 2359 699 2420 dicit
720 2358 751 2418 in
774 2358 952 2420 'l'heaetcto
967 2377 998 2438 p.
1015 2358 1116 2437 1800,
1139 2378 1262 2440 eosque
1282 2356 1343 2425 τοῦ
1363 2349 1440 2422 ὅλου
1462 2379 1540 2424 uac-

439 2451 559 2537 σιώτας
580 2466 720 2546 appellat
745 2463 800 2526 181
817 2483 846 2525 a.
895 2465 944 2524 lta
972 2475 1007 2526 ut
1035 2465 1170 2530 omnino
1188 2466 1324 2547 iniquius
1351 2466 1540 2528 iudicaverit

439 2573 629 2636 Karstenius
650 2576 681 2632 in
704 2571 912 2650 Xenophanis
938 2572 1078 2651 reliquiis
1102 2591 1132 2650 p.
1154 2573 1212 2633 96:
1242 2573 1379 2653 ”Neque
1407 2579 1538 2636 Aristo·

438 2681 513 2742 telis
535 2679 671 2759 opinioni
695 2682 788 2740 nimis
810 2686 937 2758 oportet
958 2679 1137 2761 confidere,
1153 2681 1226 2761 qula
1253 2681 1304 2742 hic
1325 2683 1356 2742 in
1377 2684 1539 2765 antiquio-

438 2807 507 2851 rum
538 2787 663 2869 placitis
692 2785 936 2867 interpretandis
971 2789 1101 2868 saepius
1130 2789 1359 2855 halucinatur.n
1414 2792 1539 2872 Quodsi

438 2918 521 2981 quae
543 2897 660 2979 placita
681 2896 909 2975 antiquioribus
930 2898 1039 2958 tribuit
1057 2898 1260 2975 Aristoteles
1282 2917 1366 2980 quae
1381 2920 1443 2963 non
1459 2922 1538 2983 pro-

437 3006 624 3067 nunciarunt
645 3003 715 3083 ipsi,
741 3002 815 3062 illud
837 3004 880 3063 ita
902 3003 1076 3082 forefecit,
1103 3013 1137 3065 ιιι
1152 3025 1194 3066 cx
1211 3008 1349 3087 ipsorum
1368 3012 1538 3073 sententiis

438 3132 521 3195 quae
553 3111 735 3174 necessario
773 3118 1004 3195 corrsequautur
1033 3112 1221 3196 concludat,
1253 3134 1317 3177 uon
1345 3127 1380 3179 ut
1407 3137 1538 3197 prorsus

418 3239 524 3310 0nova
548 3229 579 3281 ιι
602 3220 641 3281 ab
665 3220 807 3299 ipsorum
830 3220 988 3281 mentibus
1009 3222 1113 3281 aliena
1134 3223 1172 3281 iis
1194 3223 1339 3307 al'fing'at.
1383 3226 1537 3290 Ceterum

437 3338 472 3391 ut
494 3350 550 3410 per
572 3347 608 3389 se
630 3328 802 3407 probabilis
825 3337 875 3388 est
898 3329 977 3389 ratio
1000 3330 1202 3412 Aristotelis,
1224 3332 1268 3393 ita
1291 3334 1387 3396 etium
1410 3335 1537 3398 aliunde

437 3437 647 3500 confirmatur.
697 3438 825 3499 Etenim
855 3438 1085 3517 Empedoclem
1119 3448 1247 3501 constat
1281 3443 1379 3503 multa
1412 3462 1535 3520 curtim,

437 3543 581 3627 quaeda
604 3556 677 3605 ente
699 3555 930 3625 praeceperant
953 3547 1104 3627 Eleatae,
1138 3546 1179 3608 ad
1201 3557 1350 3629 quattuor
1374 3550 1534 3613 elementa

433 3655 599 3728 ¹retulisse,
629 3652 722 3715 immo
751 3654 781 3713 in
811 3673 849 3717 eo
878 3672 1108 3733 saepenumero
1139 3675 1252 3736 presse
1282 3668 1428 3722 secutum
1460 3678 1536 3722 esse

437 3760 666 3823 Parmenidem.
720 3762 786 3821 lum
815 3765 845 3821 si
869 3762 1051 3823 Elealarum
1081 3748 1138 3823 ens
1161 3764 1233 3826 nihil
1256 3772 1347 3825 esset
1368 3764 1428 3825 uisi
1450 3768 1536 3827 notio

437 3867 561 3949 logica,
586 3869 712 3957 quinam
735 3874 845 3951 posset
867 3868 905 3925 ab
929 3886 968 3927 ea
992 3868 1032 3928 ad
1054 3843 1341 3931 substantiasillas
1363 3890 1536 3950 corporeus

437 3976 586 4037 transitus
609 3966 769 4055 cogitari?
813 3972 843 4031 V
847 3991 931 4034 erum
954 3976 982 4035 si
999 3976 1167 4056 physicum
1190 3994 1251 4037 eus
1265 3977 1536 4053 fuitElealarum,

436 4082 517 4163 quod
536 4082 660 4163 quidem
677 4089 867 4162 congrueret
881 4098 952 4143 cum
968 4084 1071 4173 mundi
1083 4062 1310 4166 universitate,
1331 4085 1405 4145 nihil
1428 4086 1534 4167 magis

435 4193 464 4251 iu
486 4201 630 4284 promptu
645 4192 833 4271 essepotuit
852 4210 946 4271 quarn
969 4191 1042 4252 illud
1064 4191 1208 4253 dividere
1229 4210 1269 4253 ac
1290 4212 1347 4271 pro
1370 4212 1432 4253 una
1454 4210 1535 4253 nec-

434 4298 508 4359 dum
531 4308 583 4359 sat
606 4300 694 4359 linita
718 4300 858 4362 essentia
881 4299 939 4371 (sit
961 4300 1044 4361 enim
1068 4299 1163 4359 venia
1184 4299 1301 4371 verbo]
1324 4309 1432 4361 certas
1452 4300 1533 4361 sub·

433 4406 566 4467 stituere
588 4404 796 4467 snbstantias:
814 4406 917 4477 -llliror
941 4414 1046 4466 autom
1064 4405 1298 4487 Zellerum,
1320 4408 1371 4487 qni
1394 4407 1535 4469 Eleatici

334 4572 340 4579 ,
435 4513 516 4575 eutis
538 4513 891 4583 rationemrectissime
912 4515 1121 4606 perspexisse
1151 4514 1224 4604 milri
1246 4514 1371 4593 quidem
1395 4512 1533 4593 videtur,
