3617 5650
872 729 1078 794 ...ιο-

430 945 482 1004 eo,
504 922 589 1006 quod
611 921 640 981 iu
655 907 763 998 Ἥβας
783 903 877 998 γάμῳ
895 923 927 975 et
943 899 1098 982 Μοίσαις
1116 910 1247 991 saepius
1262 909 1361 972 etiarn
1383 928 1446 970 non
1467 911 1531 970 ob-

429 1039 561 1096 servata
584 1030 634 1088 illa
663 1027 736 1106 lege
764 1041 899 1085 caesura
928 1020 1080 1082 abstinuit
1108 1019 1335 1100 Epicharmus,
1376 1036 1437 1078 non
1468 1018 1532 1080 sibi

429 1143 569 1206 illicitum
593 1139 654 1200 lroc
675 1145 809 1218 putasse
831 1133 916 1193 illum
940 1133 1152 1208 consequitur.
1208 1126 1331 1204 Quodsi
1362 1144 1433 1197 cum
1457 1126 1531 1206 plri-

430 1247 584 1330 losoplriei
607 1246 735 1328 generis
757 1241 950 1303 tetrametris
972 1238 1242 1319 comparationem
1265 1237 1469 1316 instituimus,
1498 1237 1530 1297 in

429 1359 479 1420 bis
499 1355 561 1418 duo
584 1361 660 1415 sunt
682 1368 812 1430 versus,
834 1350 886 1430 qui
911 1347 994 1408 omni
1016 1364 1156 1408 caesura
1177 1353 1300 1407 carent:
1388 1429 1394 1434 ³

511 1457 575 1522 ’τοῖο
596 1453 681 1538 ἐμῶν
703 1444 814 1536 μνάμα
837 1453 912 1516 ποκ’
935 1447 1079 1515 ἕσσείται
1102 1430 1204 1534 λόγων
1224 1447 1349 1532 novaturt
1369 1441 1417 1512 ἔτι

512 1563 566 1630 καὶ
587 1553 695 1645 λαβών
711 1586 762 1638 τις
783 1553 866 1626 αὐτοὶ
886 1552 1070 1654 περιδύσας
1084 1550 1123 1624 τό
1142 1548 1315 1647 μέτρσνῑὸ
1338 1557 1391 1621 οὖν
1404 1551 1489 1638 ε”χειε

434 1698 564 1761 qtrorum
590 1677 669 1738 altor
692 1694 788 1756 quum
810 1672 851 1734 de
876 1670 1030 1734 vertendo
1057 1674 1090 1732 in
1112 1688 1240 1752 prosam
1262 1670 1434 1743 orationem
1458 1687 1536 1730 ver·

431 1805 525 1848 strum
547 1791 737 1868 argumento
759 1789 854 1864 agat,
885 1778 968 1840 haud
991 1779 1058 1838 scio
1080 1796 1121 1840 uu
1143 1780 1291 1841 consulto
1313 1785 1409 1858 poeta
1428 1796 1534 1863 quun·
1559 1825 1571 1848 .

431 1893 503 1956 dam
528 1892 558 1952 in
581 1909 619 1951 ao
647 1907 765 1971 prosae
787 1888 940 1950 orationis
962 1885 1199 1962 similitudinem
1224 1885 1413 1967 captaverit.
1467 1884 1534 1963 Qui

428 2009 536 2064 autam
548 1998 629 2060 illam
648 1997 678 2058 in
696 1997 799 2058 medio
815 2004 926 2078 quarto
938 1995 1021 2076 pede
1039 2013 1208 2058 caesuram
1221 1995 1409 2077 praebeant,
1430 1997 1534 2076 primo

430 2107 557 2189 quidem
580 2107 692 2170 obtutu
715 2107 778 2170 duo
800 2115 923 2170 tantum
946 2123 984 2167 se
1009 2104 1165 2167 offerunt:

514 2202 598 2275 aitte}
620 2209 748 2293 λεγέται
768 2203 832 2291 pair
854 2200 934 2289 χάος
951 2211 957 2293 Ι
976 2207 1101 2294 πρᾶτον
1120 2206 1276 2291 γενέσθαι
1296 2207 1360 2271 τῶν
1380 2207 1472 2274 θεῶν

515 2309 593 2399 εἷμα
614 2310 692 2393 dode
713 2316 765 2382 καὶ
788 2308 963 2405 πορφίραν
980 2306 1129 2400 [λόγοισι
1149 2312 1301 2390 ποικίλας
1321 2315 1442 2391 καλοῖς.

433 2433 558 2496 Verum
580 2432 608 2493 si
637 2434 815 2494 sententiae
842 2436 997 2494 rationem
1025 2437 1228 2509 spectamus,
1261 2427 1323 2489 duo
1356 2427 1451 2488 etiam
1480 2425 1534 2488 alii

405 2577 411 2586 =
432 2549 578 2620 exstant,
610 2541 724 2620 quibus
752 2560 813 2600 non
836 2547 944 2619 potest
966 2557 1028 2596 non
1051 2535 1132 2596 baec
1150 2552 1287 2596 caesura
1303 2535 1407 2613 aptior
1432 2533 1534 2596 videri

434 2668 529 2730 quem
557 2649 676 2722 altera,
707 2647 809 2708 sicubi
838 2665 908 2707 eam
937 2625 1127 2704 concessam
1155 2658 1231 2702 esse
1251 2630 1447 2705 intellectum
1470 2651 1531 2721 est,

434 2755 494 2816 bos
513 2753 603 2820 dico:

495 2856 536 2946 λῇ
554 2880 605 2932 τις
626 2848 742 2944 ἅτερον
762 2853 867 2939 μᾶκος
888 2846 909 2940 ἢ
928 2855 935 2936 l
951 2850 1011 2916 τοῦ
1033 2838 1157 2937 πρόσθ’
1177 2839 1286 2926 ἐόντος
1306 2840 1490 2932 ἀποταμεῖν

495 2960 613 3053 ἅτερον
635 2966 686 3051 εἴη
709 2989 749 3027 κα
770 2956 851 3047 codri
871 2966 876 3044 Ι
893 2962 952 3025 τοῦ
971 2983 1022 3025 τοι
1043 2951 1336 3046 παρεξεστακότος.

521 3076 614 3153 Quae
636 3092 732 3153 quum
756 3076 802 3132 ita
823 3074 896 3147 sint,
920 3073 949 3131 iu
972 3071 1034 3131 lroc
1054 3090 1182 3152 quoque
1198 3090 1319 3154 genere
1337 3072 1530 3154 frequentari

432 3185 515 3245 illam
538 3185 569 3243 in
592 3188 705 3261 quarto
726 3177 810 3259 pede
832 3195 1000 3239 caesuram
1023 3177 1187 3254 videmus,
1219 3197 1279 3241 nec
1301 3201 1379 3242 varo
1401 3199 1533 3261 prorsus

432 3288 526 3351 vitari
549 3304 665 3348 versus
689 3285 771 3347 omni
795 3302 932 3347 caesura
955 3292 1111 3346 carentes.
1154 3285 1255 3369 lgitnr
1276 3287 1309 3347 in
1325 3286 1377 3348 his
1392 3306 1533 3369 quoque,

434 3414 516 3476 quac
540 3394 578 3457 ad
610 3412 766 3457 caesurae
791 3398 946 3455 rationem
976 3402 1142 3477 spectant,
1173 3394 1408 3457 similitudinem
1429 3396 1534 3476 potius

436 3520 531 3584 quam
570 3501 780 3563 differentiam
814 3501 1081 3581 deprehendimus
1116 3503 1199 3563 inter
1230 3516 1398 3585 utrumque
1430 3522 1534 3585 genus

436 3614 683 3694 fragmentorum
707 3620 740 3674 et
762 3611 907 3673 omnibus
930 3612 1000 3672 lere
1019 3614 1158 3675 numeris
1178 3616 1357 3677 absolutam
1379 3618 1536 3677 cernimus

437 3718 691 3783 consensionem.
716 3720 763 3779 lta
778 3727 812 3781 ut
827 3719 961 3781 neniam
980 3718 1189 3782 esubditiciis
1211 3722 1397 3801 posterioris
1418 3726 1536 3785 aetatis

412 3863 414 3871 ν
434 3826 636 3909 carminibus,
658 3822 719 3885 sed
741 3844 760 3885 e
780 3824 928 3913 genuinis
950 3825 1051 3909 Siculi
1068 3834 1188 3905 poetae
1209 3826 1326 3887 fabulis
1343 3846 1401 3888 eos
1419 3846 1535 3889 versus

434 3935 613 4014 sumpsisse
636 3932 793 3994 Alcimum
817 3949 874 4011 pro
897 3938 987 3991 certo
1008 3932 1113 4011 possit
1144 3931 1265 3995 haberi.
1308 3935 1426 4014 Neque
1453 3934 1534 3993 enim

432 4029 609 4105 imitatores
629 4041 742 4103 comici
765 4038 914 4103 credibile
934 4048 986 4101 est
1006 4039 1088 4102 adeo
1107 4059 1146 4102 se
1160 4043 1192 4101 in
1207 4042 1362 4122 propriam
1375 4040 1535 4119 Epichar-
1564 4059 1568 4069 ¹

436 4152 501 4211 mai
530 4152 620 4211 metri
648 4147 785 4211 indolem
816 4148 994 4209 insinuasse
1002 4193 1013 4230 ,
1047 4159 1082 4212 ut
1110 4169 1224 4212 versus
1251 4149 1374 4230 fingere
1402 4156 1537 4230 pqsscnt

437 4266 500 4319 tam
523 4257 643 4318 similes
665 4256 705 4318 ab
729 4256 812 4318 omni
834 4262 924 4337 parte
938 4256 1229 4335 Epicharmeorum.
1252 4257 1337 4317 Nam
1359 4256 1484 4317 omnino
1505 4256 1537 4317 iu

435 4362 610 4426 condendis
640 4364 775 4443 propriis·
802 4363 948 4424 versibus
976 4382 1070 4444 quam
1099 4365 1129 4425 in
1160 4362 1399 4445 perscrutandis
1426 4362 1538 4425 alienis

437 4467 654 4550 diligentiores
672 4466 776 4529 fuisse
795 4477 924 4531 veteres
942 4478 1084 4532 constat:
1106 4470 1149 4531 ita
1166 4479 1200 4531 ut
1212 4469 1407 4531 imitatorum
1426 4476 1538 4531 aetate
