3617 5650
747 725 953 784 ..41-

291 900 365 983 ipsa
386 900 521 964 Eleatae
544 901 642 966 ver-ba
664 875 828 984 respicere
848 903 1002 967 videntur.
1044 905 1129 969 Nam
1150 905 1235 988 quod
1261 908 1393 988 primurn

188 1085 191 1090 Ι
293 1010 436 1092 quaeritr
458 997 477 1094 ἦ
500 1007 594 1073 δοκεῖ
613 999 654 1072 κά
675 1031 727 1074 τοι
748 999 815 1074 τόκ’
829 999 1046 1092 αὐτόςεῖμεν;
1068 1024 1196 1096 spectat
1206 1017 1246 1078 ad
1258 1020 1394 1082 Eleatae

296 1120 435 1200 dictum,
458 1108 515 1180 dre}
535 1115 600 1183 τῶν
620 1108 727 1182 αὐτῶν
749 1109 803 1182 eici
825 1123 1038 1185 esscomnia.
1087 1124 1172 1186 Idem
1195 1127 1279 1208 quod
1300 1137 1397 1193 autea

294 1226 464 1312 vulgarem
494 1228 534 1290 de
556 1229 646 1292 Chao
676 1230 854 1311 opinionem
886 1231 1032 1294 Eleatico
1061 1234 1175 1296 obiecit
1198 1236 1288 1316 (nam
1311 1237 1394 1311 idem

294 1339 409 1400 histrio
432 1356 560 1398 versum
582 1338 707 1401 tertium
731 1337 874 1416 proferre
892 1348 942 1401 est
960 1341 1149 1421 putandus),
1169 1361 1233 1404 non
1252 1347 1396 1424 sequitur

294 1447 326 1508 in
350 1447 413 1510 hoc
433 1445 559 1528 quidem
573 1447 724 1522 Heracliti
740 1445 929 1525 doctrinam,
947 1450 1006 1525 sed
1022 1453 1065 1517 ita
1078 1454 1174 1514 utitur
1185 1473 1225 1514 ca
1237 1455 1394 1538 opinione,

300 1557 397 1622 ulad
419 1557 668 1641 impugnandum
690 1559 819 1621 alterins
842 1547 990 1639 placitum
1008 1573 1076 1624 erat
1088 1561 1212 1627 idonea.
1255 1563 1396 1645 Uterque

285 1669 402 1748 enim,
424 1676 576 1749 quantum
600 1687 641 1728 ex
663 1665 715 1728 his
736 1669 903 1731 versieulis
926 1670 1079 1750 colligere
1101 1670 1193 1752 licet,
1215 1671 1260 1734 ita
1280 1691 1397 1753 perse-

295 1779 401 1860 quitur
422 1777 705 1856 ratiocinationem,
729 1784 762 1836 ut
784 1777 917 1856 primum
939 1779 1069 1857 propius
1089 1777 1132 1840 ad
1150 1782 1317 1862 vulgarem
1333 1799 1394 1842 aa·

294 1884 410 1950 cedant
423 1885 662 1968 mythologiam,
680 1884 794 1948 deindo
808 1905 849 1948 ex
861 1884 1150 1967 philosophicarum
1162 1887 1394 1967 disciplinarum

293 1993 435 2056 fontibus
464 1993 610 2059 derivant
641 1993 883 2076 disputationem
911 2013 1011 2056 snam.
1056 1997 1104 2057 lta
1125 1997 1291 2058 Eleatious
1312 1995 1396 2077 quod

288 2104 428 2185 primum
451 2101 529 2164 deos
551 2109 702 2164 aeternos
726 2109 813 2164 cse‘
823 2101 908 2180 dicit,
930 2101 963 2163 in
984 2121 1024 2162 cn
1047 2101 1190 2165 similiter
1207 2112 1304 2185 atque
1323 2105 1396 2165 Xe-

282 2211 459 2291 nophanes
481 2208 648 2274 descendit
670 2207 710 2272 ad
733 2209 889 2290 vulgares
904 2209 1071 2282 hominum
1083 2211 1257 2290 opiniones,
1281 2211 1395 2285 deiude

297 2319 542 2382 convenientius
577 2319 796 2400 philosophiae
838 2338 941 2381 rerum
978 2305 1198 2383 aeternitatem
1239 2320 1394 2384 affirmat:

295 2429 502 2491 Heracliteus
512 2436 618 2490 autem
632 2431 766 2508 primum
779 2426 889 2488 Chaos
901 2427 943 2488 ab
954 2427 1042 2497 initio
1056 2428 1171 2508 luisse,
1192 2448 1255 2509 qua
1266 2427 1394 2508 quidem

295 2539 402 2600 labala
423 2537 551 2618 passim·
566 2537 612 2598 uti
634 2543 780 2616 poterant
802 2533 1003 2614 physiologi0
1037 2551 1133 2613 quum
1157 2553 1195 2601 ea
1218 2555 1279 2598 non
1293 2535 1396 2599 modo

298 2655 370 2708 cum
392 2643 597 2725 Empedoclis
611 2643 761 2726 sphaera,
783 2640 841 2705 sed
860 2641 955 2703 etiam
972 2659 1042 2702 cum
1058 2642 1212 2705 Heracliti
1224 2629 1396 2734 περιόδοις

294 2753 443 2835 corriungi
455 2759 552 2835 queat
560 2751 606 2833 ⁴⁵),
628 2748 741 2811 deiude
753 2749 900 2812 continuo
915 2749 1020 2811 omnia
1041 2749 1200 2814 immutari
1221 2753 1394 2816 contendit.

296 2862 457 2941 Quocirca
478 2880 518 2919 nc
541 2857 613 2919 illud
636 2858 761 2938 quidem
784 2875 915 2937 prorsus
934 2857 1173 2936 remediorum,
1196 2881 1239 2923 cx
1252 2862 1395 2925 adverso

295 2967 439 3049 poniab
461 2964 655 3045 Epicharmo
683 2964 862 3025 Eleaticum
894 2963 1068 3027 doctrinam
1102 2975 1136 3027 et
1163 2968 1393 3047 Heracliteam,

294 3093 407 3136 verum
429 3072 534 3153 potius
554 3087 695 3145 summas
718 3088 836 3145 earum,
860 3088 943 3151 quac
966 3079 1043 3133 tunc
1064 3069 1217 3153 temporis
1237 3075 1268 3135 in
1289 3074 1396 3156 philo·

294 3180 410 3261 sophia
430 3180 594 3259 valebant,
623 3180 864 3240 sententiarum.
920 3176 956 3237 ld
986 3178 1069 3239 enim
1099 3184 1129 3241 si
1159 3181 1255 3264 lecit,
1284 3184 1396 3245 melius

295 3289 439 3371 profecto
461 3286 564 3367 potuit
585 3294 799 3364 spectatorum
823 3284 948 3348 animos
969 3293 1096 3364 tencre,
1130 3288 1202 3366 qui,
1232 3290 1294 3349 etsi
1315 3292 1396 3351 alias
1483 3298 1490 3311 ‘

281 3416 360 3461 -non
380 3395 528 3457 ineruditi
550 3393 706 3473 homines,
729 3392 784 3452 vix
797 3390 930 3473 putandi
946 3400 1023 3453 sunt
1045 3393 1077 3453 in
1097 3392 1230 3455 subtiles
1252 3395 1396 3475 philoso-

282 3506 457 3586 phicarum
478 3501 712 3583 disciplinarum
731 3517 882 3563 recessus
902 3517 940 3559 se
961 3498 1123 3561 insinuare
1143 3503 1304 3585 potuisse,
1337 3506 1398 3569 sed

297 3611 430 3675 summis
453 3620 571 3672 tantum
587 3618 628 3684 et,
654 3618 689 3672 ut
707 3610 750 3669 ita
763 3608 879 3686 dicam,
903 3610 1055 3671 extremis
1073 3612 1314 3689 quaestionibus
1336 3613 1397 3676 dc-

197 3716 199 3723 ’
295 3718 407 3787 ,lactati
430 3718 531 3779 luisse
552 3714 682 3795 putandi
703 3724 790 3778 snut.
812 3714 955 3777 Eandem
977 3734 1106 3777 causam
1125 3716 1243 3781 habere
1256 3720 1396 3803 videtur,

296 3826 380 3909 quod
408 3842 610 3890 numerorum
625 3888 630 3897 ,
643 3822 877 3903 significatione
906 3821 1212 3903 noctemnoctem
1242 3828 1397 3893 rationem

300 3938 575 4019 Pythagoreorum
601 3932 716 3995 utiturr

257 4072 261 4081 ·
363 4035 399 4103 αἰ
420 4038 495 4101 ποτ’
517 4024 662 4123 ἀριθμόν
683 4055 733 4109 τις
753 4024 921 4121 περισσόν,
942 4030 977 4097 αἰ
1000 4031 1037 4097 δὲ
1059 4032 1127 4120 λῇς,
1145 4026 1202 4098 cdv
1222 4028 1334 4123 ἄρτιον

359 4143 528 4229 πσιθέμεν
541 4144 582 4231 λῇ
601 4142 719 4234 ψᾶφον
741 4136 762 4227 ἢ
784 4140 838 4207 καὶ
860 4134 918 4206 cciv
941 4133 1151 4229 ὑπάρχουσαν
1172 4143 1296 4227 λαβεῖν,

361 4248 381 4344 ἦ
401 4257 493 4331 dcxci
513 4246 553 4321 noi
574 4276 626 4320 ιὀι
644 4242 712 4319 mir?
732 4244 830 4329 αὐτὸς
852 4244 959 4333 cinam

295 4360 542 4377 ffl

317 4400 351 4467 ¹¹¹)
372 4403 453 4451 lnmm
478 4404 520 4451 hie
545 4402 601 4462 ipse
625 4399 779 4463 Epicharmi
804 4401 884 4450 locus
912 4398 980 4448 tacit
1004 4401 1038 4447 ad
1063 4398 1244 4451 detendendae
1268 4365 1400 4449 lleraclitl

363 4490 491 4561 περιόδους
509 4498 606 4566 contra
624 4492 939 4546 Schleiermneheri
958 4492 1129 4543 senteutiam.
