3617 5650
867 785 1080 862 zn-

426 989 618 1070 Diogenem,
653 983 802 1066 quodque
834 970 882 1044 sic
911 976 1146 1063 intelligendum
1180 999 1255 1044 esse
1286 983 1382 1064 etiam
1411 978 1530 1046 wet-

424 1097 569 1158 cherns
591 1092 718 1156 videtur
739 1091 956 1171 existimasse,
978 1109 1008 1170 p.
1030 1087 1124 1153 356:
1355 1077 1369 1107 ¹
1445 1103 1461 1126 ²

485 1191 542 1276 Ὡς
563 1199 592 1263 d'
613 1190 676 1284 ἐγώ
697 1193 809 1283 δοκέω,
831 1192 953 1260 δοκέων
973 1186 1035 1282 ydp
1057 1184 1150 1280 σάφα
1170 1192 1266 1276 ἴσαμι
1286 1191 1383 1257 τοῦθ’
1404 1183 1457 1257 ὅτι

429 1305 434 1312 ’
486 1306 550 1370 τῶν
571 1303 657 1389 ἐμῶν
677 1295 789 1388 μνάμα
810 1303 885 1368 ποκ’
908 1299 1053 1369 ἕσσείσαι
1073 1295 1176 1386 λόγων
1195 1301 1317 1366 turmula
1336 1294 1394 1365 ἔτι·

488 1413 542 1478 καὶ
561 1404 669 1497 λαβών
689 1437 740 1490 τις
761 1405 854 1492 αὐτοὶ,
873 1401 1056 1499 περιδύσας
1075 1401 1115 1474 ad
1135 1406 1265 1496 μέτρον,
1284 1402 1304 1474 d
1323 1408 1378 1474 νῦν
1398 1403 1478 1491 ἔχει,

487 1511 564 1603 εἷμα
585 1513 662 1598 dode
683 1520 737 1586 καὶ
758 1509 933 1608 πορφύραν
954 1509 1077 1603 λόγοισι
1097 1514 1249 1592 ποικίλας
1267 1516 1380 1593 καλοῖς

490 1621 731 1706 δοςπάλαισσος
751 1623 795 1693 u’iv
808 1621 865 1705 τος
886 1620 1005 1702 ἄλλους
1026 1613 1264 1700 εὐπαλαίστους
1284 1615 1462 1712 ἀποφανεῖ.

427 1741 533 1802 Primo
557 1760 655 1802 versu
683 1729 776 1824 σάφα
803 1737 898 1818 ἲσαμι
926 1739 1042 1818 scripsi
1068 1755 1111 1798 ex
1138 1715 1306 1817 ingeniosa
1337 1735 1530 1798 Ahreusii

427 1849 624 1932 coniectura,
643 1851 777 1912 'servavi
798 1857 905 1912 autem
928 1841 1066 1910 doaa'unt
1088 1845 1214 1907 scilieet
1234 1849 1268 1907 ia
1291 1841 1358 1923 eo,'
1378 1845 1464 1926 qnod
1487 1864 1528 1908 se

407 1948 410 1955 ’
427 1955 606 2035 opinantem
630 1966 718 2020 cerlo
741 1959 825 2021 scire
844 1971 940 2039 poeta
954 1953 1131 2037 profitetur,
1153 1954 1236 2016 inest
1250 1951 1406 2035 quaedam
1422 1950 1530 2017 irrisio

427 2062 591 2126 Eleaticae
613 2068 801 2142 sententiae,
824 2084 886 2147 qua
899 2050 996 2136 δόκος
1006 2056 1064 2124 ἐπὶ
1076 2055 1159 2124 πᾶσι
1172 2057 1331 2128 τέτυκται.
1351 2061 1530 2125 Praeterea

428 2195 521 2256 quum
544 2196 627 2238 irena
651 2178 734 2240 haee
755 2163 833 2256 εἷμα
855 2164 932 2248 δοῦς’
945 2169 1000 2236 καὶ
1014 2157 1188 2258 πορφύραν
1199 2167 1351 2246 ποικίλας
1370 2194 1433 2234 non
1456 2175 1539 2236 sine'

429 2301 529 2344 causa
552 2284 721 2345 offensioni
746 2271 860 2346 inerint
888 2263 1116 2357 Ahrensio}
1139 2282 1254 2354 ⁴malim
1285 2299 1348 2362 ego
1373 2275 1529 2354 ποὶκίλας

428 2390 457 2450 in
482 2373 632 2452 ποικίλαν
653 2401 784 2455 mutare.
839 2391 990 2454 Ceterum
1019 2391 1050 2452 in
1070 2381 1122 2452 his¹
1142 2391 1312 2452 versiculis
1334 2389 1394 2452 etsi
1417 2382 1530 2469 p'nlcre

427 2497 622 2561 intellectum
655 2495 706 2562 est
743 2493 965 2582 Epicharmun‘r
1001 2515 1093 2560 suam
1121 2496 1230 2578 'ipsius
1260 2496 1346 2578 apud
1377 2491 1529 2576 posteros

383 2642 385 2646 -
426 2605 559 2686 gloriam
583 2607 644 2667 sub
667 2607 748 2668 alius
770 2623 905 2686 persona
930 2604 1116 2684 vaticinari,
1147 2592 1253 2664 tamen
1280 2602 1348 2663 falli
1375 2601 1451 2663 mihi
1472 2593 1531 2663 ui‘-

428 2703 561 2790 dentur)
573 2714 624 2795 qni
646 2714 728 2776 illam
752 2702 972 2794 philosophiae
985 2711 1118 2794 gloriam
1136 2707 1396 2790 interpretantur(
1412 2709 1530 2790 Neque

429 2819 511 2881 enim
535 2821 662 2883 ultimus
683 2838 801 2883 versus
823 2819 936 2896 solum,
960 2818 1001 2881 de
1016 2839 1077 2901 quo
1092 2819 1154 2880 iam
1166 2815 1287 2893 monui‚'
1303 2815 1345 2877 ad
1359 2815 1529 2879 dialectice

428 2913 625 3007 disceptandi
648 2926 870 2989 dexteritatem
893 2902 1001 3006 potins¹
1024 2944 1117 3006 quam
1140 2922 1181 2984 ad
1197 2922 1404 2984 severitatem
1421 2920 1529 3003 phile-

428 3038 585 3117 sophandi
611 3046 752 3117 spectat:
774 3037 833 3098 sed
857 3038 965 3114 eliam,
987 3034 1070 3117 quod
1086 3040 1187 3095 metro
1203 3034 1337 3115 aliquem
1352 3050 1411 3094 sua
1426 3032 1529 3095 verha

428 3152 594 3203 exuturum
619 3162 693 3205 esse
713 3140 885 3223 significat,
907 3142 964 3204 vix
986 3150 1094 3222 polest
1115 3128 1205 3203 aliter
1226 3141 1387 3221 explicari.
1440 3140 1528 3202 Nam

420 3242 488 3310 ‘etsi
511 3270 572 3310 non
596 3249 856 3313 dissimulandum
880 3259 940 3325 est,
964 3246 1027 3311 nos'
1046 3248 1086 3311 de
1106 3268 1145 3311 eo
1166 3246 1251 3311 haud
1273 3256 1405 3330 prorsus
1427 3261 1529 3310 accu-

420 3354 505 3419 'rate
521 3357 661 3419 iudicare
683 3376 798 3441 passe,
828 3358 901 3440 quia
923 3353 1100 3439 nescimus,
1122 3355 1162 3417 ad
1185 3356 1269 3437 qnod
1292 3354 1528 3417 substantivum

428 3457 579 3524 referetur
601 3454 686 3525 oded
707 3484 738 3529 v.
760 3465 789 3540 3,
814 3473 920 3526 tamen
942 3458 1219 3546 quiEpieharmea
1235 3471 1336 3525 metro
1350 3463 1446 3529 exuit,
1471 3462 1530 3523 vix

427 3570 585 3651 putandus
608 3578 659 3632 est
679 3570 918 3651 philosophicas
942 3572 1120 3632 sententias
1135 3570 1173 3631 “in
1196 3589 1323 3651 prosam
1354 3571 1530 3632 orationem

429 3678 644 3753 transtulisse,
675 3696 772 3759 quum
794 3676 995 3760 philosophia
1018 3686 1093 3740 tnnc
1113 3680 1265 3759 temporis
1287 3680 1355 3740 lere
1376 3678 1531 3740 versibus

428 3792 626 3848 tractaretur.
679 3786 784 3847 Nemo
806 3795 913 3847 autem
940 3772 1121 3871 περιδύσας
1142 3774 1182 3847 ud
1202 3780 1322 3867 μέτρον
1344 3774 1364 3845 d
1385 3780 1440 3847 οἷα
1460 3776 1532 3863 ἔχει

428 3894 470 3955 ita
492 3893 755 3973 interpretabitur,
780 3893 871 3973 qnasi
893 3893 977 3974 quis,
1009 3911 1091 3973 quae
1114 3892 1279 3955 trochaice
1308 3892 1362 3955 vel
1391 3893 1530 3972 iambica

429 4012 530 4063 metro
557 4002 641 4064 dicta
670 4010 774 4077 erant,
803 4001 1013 4063 translaturus
1044 4004 1087 4063 sit
1115 4006 1147 4063 in
1168 4004 1384 4064 hexametros.
1427 4004 1530 4065 Immo

429 4110 468 4171 all
504 4112 642 4173 rationes
674 4111 857 4174 dialecticas
892 4120 1057 4193 artemque
1090 4110 1289 4192 disceptandi
1316 4111 1399 4173 haec
1429 4110 1533 4175 verba

430 4216 545 4295 optime
568 4216 732 4297 quadrant.
782 4219 831 4278 lta
857 4224 891 4277 ul
917 4216 979 4279 hoc
1007 4216 1092 4279 dicat
1112 4215 1343 4299 Epicharmus:
1376 4220 1426 4278 osi
1456 4216 1533 4299 quis

430 4340 532 4383 meam
555 4323 583 4382 in
607 4321 798 4404 disputando
820 4335 920 4385 artem
945 4340 965 4385 a
987 4343 1039 4385 me
1060 4328 1189 4385 sumere
1211 4322 1446 4405 splendideque
1467 4339 1533 4385 ex-

374 4415 381 4425 ’
429 4448 541 4493 uriiare
564 4430 651 4511 velit,
676 4432 760 4493 facili
784 4450 879 4511 opera
896 4437 1022 4493 eeteros
1039 4449 1150 4493 omnes
1169 4432 1320 4493 certando
1337 4433 1532 4513 superabitn

431 4537 524 4617 Quod
549 4538 673 4621 quidem
695 4551 729 4603 ut
751 4558 769 4602 a
792 4550 886 4622 poeta
910 4539 1106 4625 praedictum
1129 4538 1258 4622 estjha
1276 4550 1385 4607 evenit
1396 4554 1531 4627 postea:

1515 1395 1539 1423 ἱ.

980 5010 1103 5154 Γ

536 5110 662 5305 p..
