3617 5650
745 719 953 792 ⁴⁶27-

297 919 350 974 est
372 911 579 992 improbabile
601 909 731 993 aliquod
753 912 870 975 dietum
890 911 1104 976 arhlenaudro
1124 913 1313 997 significari,
1334 934 1401 998 qne

294 1021 453 1100 vulgares
476 1020 530 1081 dei
552 1028 700 1100 tanquam
725 1021 836 1081 inanes
858 1021 977 1082 fuerint
990 1022 1088 1082 irrisi:
1111 1040 1171 1101 que
1187 1022 1314 1102 quidem
1335 1024 1400 1084 im·

299 1127 407 1206 primis
427 1135 574 1205 spectant
603 1129 642 1188 ab
673 1129 764 1190 initio*
789 1129 944 1190 collocata
972 1116 1087 1206 ἄνεμοι
1109 1139 1141 1190 et
1163 1120 1261 1212 iidoc.
1303 1132 1400 1192 Hanc

274 1237 545 1317 explicationem
576 1241 635 1301 nisi
666 1243 738 1320 ipsa
762 1242 928 1302 Menandri
953 1243 1059 1312 verba¹
1075 1243 1334 1322 suppeditarent,
1352 1231 1397 1306 'in

297 1349 444 1426 'promptu
469 1356 557 1408 essct
580 1349 620 1410 de
650 1357 782 1410 naturae
805 1350 927 1410 viribus
950 1350 1111 1432 cogitare,
1131 1350 1246 1431 quihus
1275 1349 1398 1432 quidem

296 1470 528 1534 saepenumero
553 1475 572 1516 e
601 1457 705 1535 poetis
732 1457 848 1518 tributa
878 1466 928 1518 est
949 1459 1001 1518 vis
1023 1456 1138 1518 divina.
1184 1456 1294 1536 Quid?
1314 1459 1398 1539 qued

297 1562 392 1622 eliam
416 1563 558 1641 aequalis
579 1559 759 1642 Epicharmi
783 1563 967 1645 Aeschylus
991 1583 1047 1624 cas
1080 1565 1131 1626 ita·
1152 1565 1330 1646 significat,
1364 1575 1400 1628 ut

297 1679 448 1750 quattuor
470 1673 544 1734 illas
567 1683 675 1754 parles
710 1674 908 1756 distinguere
939 1674 1107 1758 videatur,
1147 1678 1177 1741 in
1207 1677 1412 1742 Prometheo

298 1801 329 1847 v.
352 1783 494 1846 88-912
724 1783 728 1790 ’

461 1881 489 1954 ὦ
509 1889 581 1964 δῖος
602 1881 715 1977 αἰῧήο
729 1889 783 1954 καὶ
805 1879 1006 1977 ταχύπτεροι
1025 1889 1134 1969 πνοαὶ,

464 1997 621 2079 ποταμῶν
641 2019 678 2060 τε
700 1997 811 2083 πηγαὶ,
833 1996 973 2062 ποντίων
994 2020 1040 2061 τε
1053 1987 1205 2080 καμάτων

394 2192 400 2196 .
463 2095 647 2198 ᾀνὴριθμον
669 2102 824 2188 γέλασμα,
848 2095 1028 2190 παμμῆτόρ
1048 2127 1086 2168 τε
1106 2103 1157 2192 γῆ,

361 2220 365 2229 ’
464 2208 518 2274 καὶ
541 2201 598 2274 τόν
618 2199 789 2296 πανόπτην
810 2199 925 2272 adirier
945 2201 1039 2296 ἡλίου
1059 2208 1152 2294 ta'yn.
1217 2254 1222 2264 ⁴

297 2323 342 2384 nt
364 2324 436 2402 quis
460 2321 589 2402 colligat
611 2319 702 2398 inde,
720 2329 868 2400 quattuor
898 2320 1056 2385 elementa
1077 2321 1243 2404 Aeschylo
1267 2323 1399 2406 cognita

294 2427 423 2492 inisse?
466 2428 537 2488 Etsi
562 2436 670 2488 autern
693 2430 774 2489 illam
789 2429 1047 2509 quadripartitam
1064 2427 1399 2494 naturne'divisionern

296 2517 359 2596 hon
384 2535 423 2596 ab
445 2535 639 2616 Empedocle
662 2535 815 2615 originem
840 2533 973 2594 duxisse
993 2537 1052 2615 ipsi
1079 2537 1229 2598 evincunt
1245 2538 1400 2619 Aeschyli

297 2661 429 2724 versus,
453 2653 558 2704 tamen
577 2629 658 2705 haec
673 2641 787 2702 divisio
803 2659 864 2702 non
883 2643 1027 2712 valetud
1042 2642 1398 2729 delpndendameorum

298 2751 493 2830 opinionem,
527 2751 584 2829 qui
615 2748 774 2808 elementa
803 2763 942 2828 eumque
967 2747 1006 2807 iis
1027 2756 1147 2808 certum
1170 2749 1254 2808 etin
1276 2768 1399 2831 genera

298 2857 434 2919 divisum
458 2845 536 2939 ὕλης
558 2844 647 2927 εἶδος
668 2857 808 2920 tribuunt
825 2856 1030 2935 Epicharmo,
1054 2855 1094 2917 ad
1116 2854 1201 2936 qued
1223 2857 1276 2917 illa
1296 2844 1397 2936 ὅμοια

298 2975 330 3027 et
351 2954 407 3026 δια
428 2955 492 3025 τῶν
513 2953 618 3025 αὐτῶν
636 2966 747 3026 referri
769 2966 901 3045 possint.
945 2966 1019 3025 Nec
1033 2966 1105 3045 plus
1120 2966 1271 3027 momenti
1286 2965 1396 3047 hahet,
1511 3035 1518 3055 x

297 3072 380 3155 quod
404 3074 574 3136 Vitruvius
596 3072 705 3133 scribit
727 3072 777 3135 lib.
800 3072 880 3133 Vlll
902 3074 1003 3151 prael.
1030 3074 1254 3150 Pythaporae,
1273 3075 1398 3151 Empe-

297 3183 413 3255 docles,
433 3182 653 3258 Epicharmus
675 3180 792 3258 aliique
805 3181 932 3257 physici
953 3187 986 3239 et
999 3179 1185 3257 philesophi
1205 3182 1285 3241 liaeo
1298 3189 1397 3257 prin-

297 3294 378 3368 cipia
397 3296 547 3369 quattuor
560 3308 631 3347 esse
644 3293 829 3363 coercerent.
851 3292 967 3358 nerem,
983 3290 1099 3361 iqnem,
1118 3308 1243 3365 opernm,
1267 3299 1396 3363 terram,

297 3410 467 3475 eorumque
493 3398 577 3454 inter
597 3413 632 3454 se
662 3392 868 3451 cohaerentes
899 3392 1040 3451 naturali
1059 3396 1253 3471 fipcrctr'one
1272 3416 1317 3456 ee:
1335 3417 1398 3473 qe.

296 3524 407 3565 ceram
425 3502 662 3562 discriminibus
671 3504 796 3579 efficere
810 3499 989 3577 qualitates.
1012 3499 1196 3563 Vitruvium
1209 3504 1291 3565 enim
1301 3504 1398 3565 vidc-

297 3629 367 3673 mus
390 3626 462 3671 cum
479 3609 516 3668 iis
532 3606 662 3688 sentire,
678 3608 730 3686 qui
754 3604 980 3685 Empedoclem
1003 3608 1256 3681 existimarunte
1272 3612 1399 3690 Pytha-

296 3736 467 3801 goreorum
482 3715 621 3777 fontibus
636 3714 810 3775 doctrinam
833 3732 922 3774 snam
937 3714 1086 3777 hausisse
1108 3736 1244 3800 eumque
1257 3729 1292 3781 nt
1314 3714 1399 3797 ἔξω·

296 3812 424 3907 τερικόν
445 3828 694 3902 composnerunt
721 3836 792 3881 cum
814 3820 1015 3899 Epicharmo.
1066 3822 1275 3906 Quantopere
1291 3838 1399 3893 autem

298 3936 393 3995 etiarn
407 3930 849 4009 diversissimaantiquierum
863 3929 1121 4011 philosophorum
1138 3932 1253 4012 placita
1261 3934 1400 3999 Romani

297 4028 449 4119 imprimis
474 4036 660 4098 miscuerint
683 4044 715 4096 et
745 4032 963 4117 confuderint,
977 4054 1041 4097 non
1065 4038 1221 4119 estquod
1243 4059 1399 4105 moneam.

381 4147 427 4207 At
448 4146 550 4226 possit
573 4148 644 4225 quis
666 4144 780 4207 Meriei
809 4143 1011 4215 Casauboni,
1041 4162 1126 4225 quae
1154 4163 1231 4205 esse
1260 4148 1399 4231 videtur,

299 4253 589 4333 interpretationem
610 4252 654 4313 ita
674 4250 771 4325 tueri,
798 4264 831 4311 ut
853 4252 1054 4312 substantias
1078 4251 1233 4332 quasdam
1254 4256 1294 4317 ab
1317 4258 1398 4337 Epi-

298 4363 427 4425 charmo
450 4358 625 4442 significari
646 4368 753 4440 putet,
776 4359 836 4426 sed
854 4359 999 4421 diuersas
1020 4360 1095 4419 illas
1120 4360 1160 4421 ab
1192 4361 1400 4443 Empedoclis

300 4472 485 4537 elementis:
508 4468 610 4532 veluti
624 4467 739 4549 siquis
752 4466 952 4533 Parmenidis
974 4454 1088 4550 ἀρχάς,
1109 4454 1196 4550 φάος
1216 4464 1270 4529 καὶ
1291 4456 1400 4549 νύκτα,
