3617 5650
733 783 941 846 ..35-

288 989 331 1032 ex
353 969 497 1030 Eleatlco
521 977 593 1031 ente
614 966 819 1049 Empedoclis
841 961 954 1050 φιλίαν
976 962 1134 1028 deducere
1157 964 1202 1037 (in
1219 965 1291 1028 hist.
1308 966 1383 1048 phil.

290 1081 314 1159 Ι,
326 1079 412 1152 181,)
430 1097 522 1158 quarn
546 1076 670 1158 quidem
693 1077 795 1136 solum
818 1063 968 1136 ἑνοποιὸν
986 1068 1093 1137 αἰτίαν
1115 1078 1189 1137 esse
1212 1077 1385 1139 Karste-

290 1186 374 1246 nius
406 1185 514 1246 docuit
540 1185 570 1244 in
599 1181 804 1264 Empedoclis
832 1183 973 1264 reliquiis
1002 1202 1031 1263 p.
1053 1182 1130 1246 3¹8:
1160 1202 1294 1264 eamque
1324 1185 1385 1244 etsi
1462 1216 1469 1223 -

289 1287 347 1352 τοῦ
367 1280 440 1364 ἑνός
460 1292 586 1352 nornine
608 1273 782 1370 appellavit
804 1291 1014 1372 Aristotelea,
1037 1299 1237 1351 tamencum
1260 1310 1309 1371 ea,
1331 1299 1386 1351 ut·

289 1410 364 1481 pote
387 1401 546 1480 qualitatis
570 1401 705 1481 experti,
728 1401 823 1460 multo
846 1399 949 1460 minus
966 1400 1116 1460 convenit
1131 1400 1308 1462 Eleaticum
1331 1417 1388 1460 ens

280 1525 385 1588 quam
408 1525 479 1568 cum
506 1505 684 1568 elementis.
720 1505 901 1584 ‘Quocirca
931 1500 1011 1586 quin'
1031 1507 1214 1568 Eleaterurn
1244 1525 1302 1570 eus
1332 1527 1387 1588 pro

291 1616 424 1696 physico
446 1615 487 1676 sit
510 1613 701 1694 habendum,
725 1613 811 1676 haud
835 1623 943 1694 potest
964 1613 1108 1675 dubitari.

290 1739 294 1746 ·
374 1722 440 1786 Sed
463 1731 498 1784 ut
518 1721 558 1782 de
582 1741 620 1783 eo
642 1741 702 1784 nec
724 1721 942 1802 Xenophanes
971 1741 1032 1784 nec
1054 1720 1262 1784 Parmenides
1291 1725 1389 1799 cogi-

291 1831 403 1912 turint,
432 1849 489 1894 ens
518 1851 610 1893 suurn
640 1847 819 1912 congruere
842 1849 913 1893 cum
937 1830 975 1892 eo
998 1831 1079 1912 qnod
1101 1841 1151 1894 est
1169 1819 1208 1892 τὸ
1230 1827 1297 1892 πᾶν
1318 1834 1390 1896 sive

289 1927 332 2000 τοί
354 1927 471 2016 πάντα,
488 1940 574 2003 'illud
609 1949 714 2002 tamen
747 1941 840 2022 plane
872 1937 1045 2002 affirmavit
1078 1938 1301 2020 Parmenides,
1336 1920 1408 2002 res*

271 2047 471 2106 'mundanas
494 2065 553 2108 neo
574 2047 664 2128 gigni
684 2047 749 2108 ned
766 2047 892 2108 interire
911 2033 982 2108 'nec
1011 2045 1188 2128 immutari,
1215 2049 1305 2110 velut
1328 2045 1391 2111 hoc

292 2171 391 2214 versu
414 2159 461 2225 (v.
483 2153 524 2214 76
544 2153 606 2225 Ka)

294 2314 300 2332 ,
374 2255 439 2331 τοῖς
459 2253 583 2340 γένεσις
603 2255 663 2338 μὲν
682 2247 886 2339 οἷπίοβεοτοι
908 2253 963 2337 κοί
984 2248 1124 2334 ίίπιστος
1143 2248 1295 2347 ὄλεθρος.

293 2365 381 2428 idern
404 2367 593 2429 testificatur
615 2369 807 2429 Aristoteles
824 2367 931 2449 Phys.
951 2371 988 2450 t,
1015 2369 1052 2434 8:
1085 2365 1256 2452 ζητοῦντες
1277 2358 1339 2452 peip
1361 2363 1394 2432 οί

293 2461 376 2533 rocci
400 2467 600 2556 φιλοσοφίον
628 2471 755 2556 πρῶτοι
782 2463 840 2556 τήν
865 2461 1028 2557 dividatur
1056 2471 1110 2536 καὶ
1137 2467 1196 2560 τήν
1217 2464 1315 2561 φύσιν
1336 2466 1394 2560 τήν

292 2579 355 2642 τῶν
377 2571 492 2656 darona
510 2567 737 2665 ἐξετράπησαν
758 2568 825 2642 οἷον
846 2569 925 2642 tiddv'
944 2572 1132 2667 euac'e‘ltrp
1149 2573 1214 2645 ind
1229 2575 1394 2667 οίπειρίος·

292 2683 345 2750 καί
368 2685 469 2772 φοοίν
496 2679 570 2750 oliae
591 2684 761 2770 γίγνεσθαι
788 2685 851 2750 τῶν
880 2679 981 2751 ὄντων
1008 2680 1103 2753 οὐδὲν
1137 2681 1213 2754 oilae
1248 2689 1395 2778 prticipe-

294 2798 388 2873 σθαι,
410 2787 466 2859 deci
487 2787 526 2858 cd
552 2788 722 2878 ἀναγκαῖον
741 2793 810 2877 ’μὲν
838 2785 922 2861 εἶναι
949 2794 1119 2881 γίγνεσθαι
1146 2792 1185 2864 τό
1213 2791 1396 2886 γιγνόμενον

294 2894 315 2987 ἢ
346 2897 384 2983 ἐξ
411 2892 505 2975 ὄντος
535 2894 555 2985 ἢ
584 2896 620 2963 ἐκ
650 2892 695 2985 μή
724 2892 816 2975 ὄντος
836 2926 863 2965 κ.
886 2924 915 2967 τ.
936 2902 964 2967 λ.
995 2917 1027 2968 et
1053 2910 1194 2969 similiter
1222 2909 1262 2971 de
1290 2910 1392 2973 Coelo

295 3012 353 3092 lli,
381 3012 409 3071 1.
452 3013 563 3091 ltaque
595 3030 691 3091 quum
718 3012 897 3091 Epicharmi
926 3034 1044 3076 versus
1065 3036 1126 3077 non
1150 3017 1191 3079 ad
1213 3020 1393 3082 continuam

294 3122 620 3200 argumentationem,
667 3140 777 3182 verum
811 3124 852 3184 ad
885 3124 1062 3187 institutam
1097 3126 1179 3187 iuter
1212 3126 1293 3189 duos
1330 3126 1394 3189 ho·

290 3229 397 3289 'mines
431 3218 695 3307 discepta'tionern
729 3230 921 3308 pertineat,⁸
948 3232 1043 3290 facile
1082 3233 1288 3313 intelligitur,
1333 3254 1395 3315 qno

295 3343 390 3415 pacto
419 3336 459 3395 ab
488 3335 549 3394 alio
579 3335 796 3413 interrogatus
825 3334 863 3393 eo
900 3334 1030 3413 perduci
1063 3336 1200 3415 potuerit
1229 3338 1393 3402 Eleaticus

295 3442 512 3521 philosophae,
538 3450 572 3501 nt
590 3428 633 3500 cci
654 3428 761 3501 πάντα
783 3442 978 3521 serapiterna
999 3461 1075 3503 esse
1095 3460 1286 3527 semperque
1308 3449 1417 3528 puria'

295 3552 478 3620 adfirmaret.
520 3552 707 3613 Statuamus
730 3552 839 3633 igitur,
861 3552 1039 3632 oppositam
1057 3552 1159 3614 fuisse
1179 3546 1394 3620 Eleaticarurn

296 3660 447 3721 asseclae
470 3660 699 3719 sententiarum
722 3653 845 3739 κίνησιν
871 3660 954 3719 illam
978 3667 1011 3717 et
1031 3648 1221 3736 ἀλλοίωσιν,
1253 3681 1336 3742 quae
1365 3666 1397 3727 in

298 3773 393 3833 rebus
418 3769 563 3830 omnibus
577 3768 824 3848 conspiceretur,
848 3769 919 3849 qnid
933 3770 983 3830 ille
996 3771 1096 3849 potuit
1106 3776 1301 3853 respondere
1320 3778 1398 3842 nisit

379 3866 461 3937 acide
475 3874 514 3936 “d’
538 3865 592 3937 ciel
612 3864 760 3960 recipendi*
781 3864 889 3955 ὅμοια,
912 3867 968 3938 deci
989 3872 1027 3940 δὲ
1048 3873 1113 3941 τῶν
1133 3870 1239 3940 οίποίν
1259 3872 1338 3948 ἀείί
1373 3862 1378 3873 ’

283 3990 378 4049 --ltem
403 3984 485 4066 qnod
510 4005 569 4045 non
594 3984 634 4045 de
658 4005 719 4046 uno
739 3984 809 4067 deo,
833 4004 925 4065 quem
942 3985 1046 4047 solum
1065 3996 1155 4068 norat
1169 3991 1397 4070 Xenophanes,

300 4094 359 4155 sed
389 4094 429 4155 de
460 4093 598 4173 pluribus
627 4086 780 4174 loquitu'r,
811 4087 986 4157 adversaiii
1016 4113 1115 4159 carisa
1144 4098 1211 4159 lieri
1236 4099 1399 4182 videmus,

299 4213 334 4263 ut
355 4202 448 4282 quern
480 4202 607 4265 deorum
636 4208 859 4267 aeternitatem
889 4188 1149 4287 negare⁸pateat
1175 4225 1218 4267 ex
1247 4228 1286 4271 eo
1314 4208 1399 4289 quod

300 4312 461 4391 sequitur:
795 4315 800 4326 '
1024 4327 1028 4331 ’

384 4404 468 4477 oillei
488 4411 622 4497 teperet·
637 4403 702 4495 troie
722 4402 801 4493 χοίος
821 4409 947 4502 προίτον
967 4409 1121 4498 γενέσθαι
1141 4411 1205 4479 τῶν
1225 4412 1325 4479 θεῶν.

299 4533 452 4611 ὃῑπίίίῐετ
482 4536 551 4616 ipse
580 4534 676 4596 etiarn
705 4534 924 4613 Xenophanes
954 4537 1065 4591 contra
1090 4530 1268 4612 opinionem
1290 4542 1399 4588 eorum
1448 4538 1456 4557 ⁸
