3617 5650
717 736 927 804 ..25-

275 922 428 1004 eximere,
452 935 548 1005 quum
570 919 666 986 aliurn
687 921 748 984 atio
760 920 812 984 die
831 911 1062 1002 esse'quemvis
1076 917 1373 983 hominemdoeeat.

267 1030 413 1103 ¹Omnino
435 1040 543 1094 autern
566 1030 649 1110 quod
671 1051 729 1112 pro
752 1038 935 1111 systemate
950 1027 1373 1109 Epicharmeohab'etflry-

275 1137 399 1218 sarius,
430 1138 462 1199 in
490 1157 529 1199 eo
558 1140 652 1217 quasi
677 1139 708 1198 in
738 1137 956 1217 Empedoclea
984 1137 1122 1216 sphaera
1151 1135 1379 1212 diversissima

275 1263 438 1328 quaeque,
463 1247 735 1330 Platonis'ideae,
759 1248 910 1308 continua
931 1239 1072 1326 κίνησις,
1095 1243 1375 1323 Pythagoreorum
1439 1224 1442 1228 ¹

275 1355 413 1434 numeri,
447 1364 594 1436 quattuor
622 1357 778 1416 elementa
800 1371 955 1434 corporea
981 1350 1180 1430 reperiuntur
1210 1350 1375 1430 tranquilia

273 1479 355 1542 paee
378 1465 563 1526 coniuncta:
587 1480 670 1543 quae
691 1460 819 1542 quidem
842 1460 896 1520 vix
919 1459 1019 1538 potuit
1042 1458 1168 1517 sociare
1190 1458 1375 1538 antiquioris

275 1567 701 1649 philosop-hiaesimplicitas.
743 1569 861 1649 Neque
878 1569 960 1629 enirn
982 1567 1156 1628 eoteetieos
1177 1576 1373 1646 compertum
1423 1610 1429 1614 -

276 1691 329 1744 est
356 1682 406 1742 itio
436 1683 498 1744 iam
521 1690 663 1763 ternpore
685 1683 859 1744 exstitisse.
903 1680 1022 1741 Verum
1045 1680 1097 1739 vel
1120 1687 1249 1758 propter
1269 1677 1375 1740 illatas

274 1790 306 1852 in
328 1789 550 1872 Epicharmnm
576 1790 664 1854 ideas
686 1793 778 1868 ¹otiter
799 1797 896 1870 atque
918 1785 1096 1868 Grysorius
1119 1788 1196 1848 seoit
1223 1781 1375 1867 explicari

274 1896 339 1958 hoe
365 1898 578 1980 fragmentum
613 1901 788 1980 oportebit:
830 1901 1018 1980 praesertim
1050 1915 1146 1980 quum
1176 1897 1244 1958 eius
1273 1898 1375 1958 inter-

274 2005 484 2084 pretationem
506 2023 567 2066 nee
587 2007 687 2067 verba
708 2005 874 2067 commode
900 2005 1060 2084 patiantur
1086 2023 1149 2065 nee
1171 2022 1274 2065 nexos
1296 2022 1375 2065 seu-

276 2113 454 2175 tentiarum.
514 2115 580 2174 iarn
609 2113 712 2192 priore
741 2131 840 2172 versu
871 2111 957 2192 quod
986 2111 1063 2172 deos
1091 2130 1219 2195 semper
1247 2131 1376 2175 manere

275 2228 372 2302 poeta
403 2221 497 2300 dieit,
526 2219 557 2280 id
586 2237 647 2282 non
670 2228 804 2294 est-eur
824 2239 866 2281 ex
887 2238 1006 2292 aroana
1027 2219 1288 2300 philosophorum
1317 2239 1376 2283 sa·

276 2329 396 2409 pientia
418 2330 604 2391 necessario
626 2336 805 2408 repetatur:
835 2327 895 2389 sed
926 2327 1026 2389 attero
1056 2329 1216 2409 quaeritur
1237 2328 1311 2410 quid
1332 2329 1377 2392 sit

275 2422 366 2496 τάδε.
410 2437 556 2515 Apparet
576 2453 642 2496 rem
663 2436 799 2516 aliquam
823 2435 891 2496 deis
914 2435 1093 2515 oppositam
1115 2437 1298 2518 significari,
1330 2437 1375 2499 ita

276 2553 311 2604 ut
339 2543 380 2606 de
408 2543 504 2604 rebus
534 2541 700 2604 mundonis
731 2542 876 2622 cogitare
897 2541 983 2602 haud
1004 2541 1158 2604 absonum
1180 2545 1293 2608 fuerit:
1335 2564 1377 2608 ea

276 2659 311 2712 ut
331 2668 459 2730 semper
480 2651 596 2712 similia
617 2669 690 2713 esse
711 2661 942 2733 praetereaque
965 2672 1093 2734 semper
1113 2645 1170 2716 ded
1190 2652 1254 2718 τῶν
1269 2646 1375 2720 aanor

277 2757 510 2839 praedicentur.
564 2759 657 2838 Quod
690 2760 815 2842 quidem
848 2780 911 2822 non
932 2764 1032 2842 potuit
1055 2782 1117 2824 non
1139 2765 1251 2827 mirum
1273 2766 1376 2829 videri
1432 2801 1435 2807 ·

276 2867 380 2929 atr-eo
402 2866 526 2947 efferri,
554 2872 609 2947 qui
637 2869 668 2927 in
690 2871 866 2947 posteriore
887 2872 1058 2952 fragmenti
1079 2884 1169 2953 parte
1189 2876 1294 2935 omnia
1307 2892 1377 2941 ,ca-

279 2973 362 3036 duea
382 2992 461 3035 esse
482 2976 695 3054 continuoque
715 2978 828 3039 motari
849 2978 1054 3061 signiticaret.
1082 2982 1259 3062 Propterea
1280 2984 1375 3046 Isaa-

276 3100 335 3145 ous
358 3080 570 3145 Casaubonus
591 3085 790 3148 scribendum
814 3080 966 3150 coniecit:

340 3178 422 3252 udde
443 3188 474 3251 δ’
495 3180 548 3251 ἀεὶ
569 3177 716 3275 πάρεσθ’
738 3181 835 3271 ὅμοι’,
856 3183 895 3253 od
917 3182 1033 3257 ardut
1053 3192 1118 3257 τῶν
1136 3186 1242 3258 αὐτῶν
1263 3186 1326 3261 ἀεὶ.

278 3295 509 3379 Bernhardyus
528 3304 648 3371 autem,
669 3298 720 3377 qui
744 3300 773 3359 in
797 3298 923 3359 Ersehii
934 3308 966 3360 et
978 3298 1115 3361 Gruberi
1129 3304 1376 3383 encyciopaedia

278 3402 319 3465 de
340 3402 532 3483 Epicharmo
565 3400 755 3480 disputavit,
787 3401 827 3463 de
853 3403 1052 3464 restituendo
1080 3412 1113 3465 et
1141 3404 1381 3487 interpretando

279 3510 460 3592 fragmento
489 3508 584 3571 modo
612 3528 675 3571 non
702 3506 876 3589 desperare
904 3509 1046 3587 videtur,
1079 3524 1191 3594 quum,
1221 3514 1280 3575 uisi
1302 3513 1377 3597 quid

278 3618 412 3700 gravius
433 3616 522 3695 passi
544 3616 606 3677 sint
628 3633 755 3695 versus,
775 3616 839 3677 hoo
861 3624 950 3675 certe
969 3620 1152 3697 exspectari
1172 3619 1273 3683 dieat:

360 3719 413 3787 τοὶ
434 3720 464 3783 d’
486 3712 540 3783 ἀεὶ
560 3709 702 3805 ndpeud’
724 3710 843 3800 ὅμοιοι,
864 3710 921 3782 dod
942 3717 981 3783 δὲ
1003 3720 1068 3783 τῶν
1088 3713 1194 3787 αὐτῶν
1215 3715 1285 3789 det:

172 3818 174 3823 ’
280 3829 364 3913 quod
392 3838 443 3893 est
469 3830 611 3910 profecto
638 3829 755 3891 nodum
782 3845 914 3901 secare,
947 3848 1009 3890 non
1039 3834 1176 3896 solvere.
1226 3834 1262 3893 tn
1284 3851 1378 3913 quarn

280 3939 458 4019 opinionem
485 3934 571 3997 haud
602 3936 670 3997 seio
699 3954 739 3996 an
769 3934 918 3997 induntus
937 3937 979 3997 sit
1002 3936 1185 4014 Marqoardi
1207 3935 1303 3999 (indii
1324 3958 1379 4000 er·

279 4063 360 4120 rore,
381 4046 434 4125 qui
454 4030 535 4105 udde
556 4052 686 4125 prorsus
707 4042 793 4107 idem
814 4042 999 4125 significare
1019 4061 1059 4103 ao
1080 4043 1184 4121 priore
1205 4063 1303 4105 versu
1324 4042 1386 4107 ool·

280 4147 358 4213 deni
379 4152 561 4217 arbitratum
593 4160 764 4233 utrumque
794 4154 875 4213 euim
900 4151 940 4213 de
962 4159 1111 4230 quattuor
1141 4152 1306 4215 elementis
1328 4154 1380 4216 in-

281 4260 400 4341 telligit.
446 4257 550 4336 Quem
575 4260 767 4344 impugnans
788 4258 931 4321 Merinus
942 4257 1157 4319 casaubonus
1180 4261 1279 4339 patris
1299 4279 1381 4324 sen-

282 4368 411 4431 tentium
434 4365 587 4447 defendit,
606 4368 666 4430 sed
686 4368 732 4429 ita
747 4364 883 4429 obscuro
896 4363 1049 4440 defendit,
1073 4373 1117 4439 ut,
1141 4367 1215 4445 quid
1231 4370 1379 4448 voluerit,

282 4471 368 4535 haud
390 4471 486 4533 faoile
505 4489 690 4553 assequare.
744 4472 876 4535 Summa
909 4481 1018 4533 autem
1047 4471 1271 4553 disputationis
1298 4475 1380 4538 haee
