3617 5650
862 757 1114 824 ..ω-,ῃ

417 947 520 1010 tentia
540 934 756 1027 maximopere
778 943 905 1008 videtur
925 961 1078 1025 pugnare.
1122 943 1166 1006 At
1187 952 1276 1025 putet
1299 943 1386 1026 quis,
1415 943 1453 1009 iu
1474 965 1515 1008 ea

418 1053 536 1116 doxam
559 1062 591 1115 et
613 1051 766 1116 caducam
789 1052 948 1116 hominum
969 1061 1115 1128 naturam
1138 1050 1208 1114 deis
1235 1061 1345 1131 utpote
1374 1057 1516 1124 aeternis

354 1182 363 1198 ·
417 1169 454 1230 et,
471 1162 689 1223 constantibus
711 1161 846 1243 opponi,
869 1159 1028 1223 sententia
1050 1159 1239 1240 vulgaribus
1259 1161 1364 1239 poetis
1388 1161 1516 1238 usitate.

418 1269 645 1332 Verumtamen
669 1271 728 1330 etsi
751 1272 781 1332 in
804 1278 915 1350 poeta,
949 1287 1012 1328 non
1035 1277 1140 1332 tamen
1168 1269 1199 1330 io
1220 1285 1259 1330 co
1281 1278 1377 1350 poeta
1399 1287 1515 1335 versa·

417 1397 504 1458 mur,
538 1377 592 1460 qui
614 1377 844 1458 mythologiam
867 1378 965 1458 vulgo
986 1375 1139 1438 creditam
1161 1384 1295 1455 tractat,
1324 1366 1384 1436 ¹sed
1405 1381 1438 1440 in
1463 1399 1515 1458 ec,
1619 1354 1631 1376 κ

418 1491 470 1566 qni
493 1485 532 1546 ad
556 1484 795 1566 philosophicas
816 1484 956 1546 rationes
976 1482 1116 1547 accedit:
1139 1490 1171 1544 et
1192 1484 1222 1544 in
1237 1484 1400 1546 haccerte
1414 1503 1516 1567 argu·

418 1594 611 1656 mentatione
641 1593 877 1674 philosophicae
910 1605 1125 1673 proponuntur
1158 1593 1347 1656 sententiae.
1403 1595 1452 1655 lta
1483 1592 1518 1657 ul

416 1701 511 1761 rebus
535 1699 650 1762 divinis
673 1702 791 1780 potius,
814 1701 1052 1780 qualescunque
1072 1717 1132 1761 cae
1153 1699 1379 1780 intelliguntur,
1400 1701 1516 1782 opponi

418 1807 574 1868 humanas
598 1807 642 1868 sit
652 1816 911 1870 oorrsentaneum.
953 1805 1053 1885 ldque
1065 1804 1134 1866 fieri
1144 1806 1184 1866 oh
1198 1806 1389 1885 Epicharmo
1403 1818 1523 1873 censet.

419 1915 524 1976 liare
535 1923 547 1976 t
557 1934 575 1976 e
585 1917 622 1976 ni
632 1933 678 1976 us
700 1917 747 1991 [io
761 1915 972 1996 Xenophanis
983 1916 1124 1997 reliqniis
1139 1935 1168 1996 p.
1181 1916 1271 1993 1870
1293 1917 1337 1978 ita
1351 1926 1385 1978 ut
1402 1936 1421 1978 e
1444 1919 1516 1980 Xe-

417 2024 575 2104 nophanis
597 2024 758 2100 sententia
780 2031 854 2104 post
883 2031 1048 2085 aeternam
1079 2024 1163 2084 entis
1191 2024 1263 2107 sive
1290 2024 1340 2086 dei
1371 2020 1515 2095 naturam

417 2153 525 2196 earum
539 2151 658 2214 rerum,
672 2150 754 2217 quac
767 2131 827 2192 sub
840 2149 959 2200 sensus
974 2131 1106 2213 cadunt,
1122 2133 1336 2211 inconstantia
1353 2141 1515 2196 tractetur.

419 2246 470 2308 Ex
491 2245 554 2306 hac
581 2245 679 2326 lgitnr
707 2243 853 2322 opinione
882 2250 1080 2323 opponuntur
1107 2229 1150 2302 cd
1178 2229 1301 2324 φυσικὰ
1333 2240 1405 2313 τοῖς
1432 2229 1515 2324 ὑπὲρ

416 2340 524 2436 φύσιν,
547 2359 582 2412 nt
604 2370 676 2414 oum
700 2349 879 2432 Simplicio,
904 2350 976 2411 sive
996 2337 1038 2410 cd
1060 2336 1207 2432 αἰσθητοὶ
1228 2348 1300 2422 τοῖς
1320 2348 1464 2432 νοητοῖς,
1483 2355 1516 2412 ut

417 2477 490 2523 curn
514 2459 636 2522 Alcimo
659 2467 691 2520 et
713 2455 872 2539 Grysario
892 2458 1013 2539 loquar.
1064 2461 1172 2541 Atque
1200 2468 1252 2522 est
1281 2461 1363 2522 haec
1385 2461 1514 2542 quidem

411 2570 521 2651 ,paullo
543 2570 734 2649 probabilior
756 2570 835 2632 ratio
857 2588 951 2651 quam
973 2569 1026 2630 illa
1047 2565 1214 2648 Grysarii,
1235 2569 1287 2650 qui
1308 2570 1513 2650 complexum

414 2673 477 2740 τῶν
490 2670 660 2762 αἰσθητῶν
685 2686 718 2739 et
727 2677 856 2758 singula
877 2663 1025 2758 αἰσθητοὶ
1046 2675 1312 2739 discriminantem
1333 2676 1412 2738 fecit
1434 2678 1515 2758 Epi·
1653 2758 1654 2761 Ἴ

418 2789 595 2863 charmrun:
618 2787 678 2850 sed
701 2795 807 2849 tamen
830 2787 882 2849 illa
906 2805 1030 2869 quoqne
1051 2785 1119 2847 suia
1141 2785 1519 2867 quibusdam‘impeditnr.

417 2894 633 2958 incommodis.
685 2895 771 2957 Nam
805 2894 937 2975 prirnnm
971 2891 1054 2975 quod
1087 2892 1340 2955 Karstenlus
1374 2892 1514 2957 seeundo

413 3022 510 3065 versu
532 2992 615 3063 eride
637 3012 770 3064 coactus
788 3011 840 3064 est
854 2990 1086 3083 intelligerem*
1101 3003 1194 3078 θεῖα,
1214 3003 1245 3065 id
1262 3004 1516 3085 quod-indicavit

415 3129 444 3190 p.
470 3108 539 3188 113,
565 3128 626 3169 oon
647 3109 745 3189 liquet
767 3109 903 3187 omnino,
927 3107 1002 3195 quid
1023 3127 1065 3171 cx
1082 3110 1237 3173 Eleaticis
1258 3119 1440 3195 praeceptis
1463 3117 1518 3180 in·.

415 3226 540 3277 teresse
563 3216 665 3296 possit
687 3216 767 3279 inter
789 3203 865 3289 τούς
886 3205 988 3289 dende
1001 3226 1035 3279 et
1048 3205 1191 3280 τάθεῖα.
1234 3220 1300 3283 Sed
1324 3231 1359 3284 ut
1379 3242 1418 3285 eo
1441 3226 1515 3309 quis

414 3325 500 3387 dicat
528 3326 566 3387 ab
595 3324 782 3389 adversario
812 3324 984 3391 adductum
1019 3345 1095 3389 esse
1127 3327 1375 3409 disputatorem,
1407 3340 1515 3395 tamen

413 3436 483 3515 ipsa
506 3435 664 3514 oppositio
686 3435 772 3495 facta
793 3434 876 3495 inter
898 3453 952 3495 res
973 3434 1099 3497 divinas
1122 3445 1156 3498 et
1177 3456 1240 3519 res,
1261 3457 1344 3521 qrrae
1359 3441 1515 3505 sensibus

413 3554 489 3606 sunt
516 3544 697 3623 subiectae,
730 3544 792 3605 dici
823 3545 931 3629 nequit
960 3554 1111 3625 quantum
1140 3548 1179 3607 ab
1201 3548 1386 3611 dilectarum
1409 3564 1515 3613 mente

412 3654 590 3715 abhorreat.
641 3652 712 3714 ldtsi
740 3652 821 3713 enirn
851 3652 1099 3732 disputationem
1128 3652 1168 3714 de
1200 3664 1273 3717 ente
1293 3656 1519 3723 disiunxerunt

414 3778 558 3822 arernnt
582 3760 786 3843 natupalium,
819 3768 977 3845 quatenus
1004 3760 1064 3821 sub
1091 3778 1207 3822 sensus
1227 3762 1344 3827 cadunt
1365 3773 1400 3825 et
1418 3752 1515 3837 δάκος

414 3862 765 3951 calceamentorum,
793 3868 1002 3947 tractatione,
1026 3877 1130 3930 tameo
1154 3869 1184 3929 iu
1207 3890 1246 3933 ec
1269 3871 1396 3933 minime
1416 3884 1516 3954 agunt

413 3976 571 4043 derebus
594 3984 707 4041 natura
727 3992 787 4035 sua
808 3981 840 4033 et
854 3975 955 4059 ,quasi
986 3978 1119 4039 materie
1147 3976 1301 4057 diversis,
1335 3996 1448 4056 verum
1474 3980 1515 4042 de

374 4066 380 4079 ’
414 4086 545 4148 diversa
567 4088 689 4154 ratione
711 4084 883 4167 cogitandi:
907 4103 978 4147 oaru
1001 4104 1212 4168 quaecuuque
1234 4088 1274 4149 de
1296 4099 1369 4152 ente
1390 4091 1518 4172 dicunt,-

415 4213 452 4254 ea
469 4182 550 4253 nand
565 4181 668 4274 λόγον,
685 4214 767 4279 quae
778 4193 818 4254 de
829 4212 932 4257 rernm
945 4204 1067 4271 natura,
1090 4214 1129 4255 ea
1140 4184 1223 4260 acroi
1233 4183 1333 4273 δόξαν
1343 4198 1514 4279 disputant.

415 4302 502 4363 'l'alis
524 4310 629 4363 autem
652 4322 755 4365 rerum
779 4301 935 4385 oppositio
957 4301 1057 4385 ipsam
1080 4303 1204 4366 tolleret
1219 4305 1300 4369 cutis
1315 4312 1514 4389 naturarn'),

432 4445 465 4507 *l
483 4444 519 4493 Et
536 4444 574 4491 lta
591 4444 698 4493 tollitur
716 4446 781 4493 haec
798 4442 901 4505 quidem
926 4443 952 4491 in
979 4442 1086 4493 Melissi
1104 4445 1248 4509 doctrina,
1273 4446 1319 4508 qui
1337 4445 1368 4495 τό
1385 4444 1467 4503 ἁπλῶς
1484 4446 1514 4496 ὃν

483 4533 626 4599 distinguit
643 4535 676 4583 ab
695 4535 755 4584 aliis
773 4535 862 4600 rebus,
882 4534 1002 4597 illudque
1020 4534 1087 4586 tacit
1103 4534 1207 4603 (ἔπειρον
1223 4531 1280 4597 dr..
1292 4541 1323 4587 ut
1340 4537 1516 4600 praeclareat

689 4853 1189 5080 ἴθ”ἶέθκκ

862 5119 925 5299 s
1187 5111 1214 5294 l
