3617 5650
709 719 996 838 -21...

261 957 369 1010 autem
392 951 522 1010 alterum
547 957 766 1029 argumentum
791 948 861 1010 inde
880 950 1038 1030 sumpsit,
1062 950 1147 1035 qnod
1171 949 1359 1034 Gaesippus

263 1065 360 1135 poeta
387 1056 525 1118 ludicros
557 1067 630 1116 eta
662 1057 791 1117 Cratino
821 1065 853 1116 et
875 1059 907 1116 in
932 1056 1228 1122 Pseudochiouidea
1251 1057 1359 1122 fabula

262 1162 413 1238 Πτωχοῖς
442 1173 709 1224 cornmemoralus
737 1163 831 1222 fuerit
855 1163 992 1242 (Athen.
1013 1165 1107 1244 XIV,
1129 1159 1227 1246 6380
1258 1170 1290 1228 ei
1318 1186 1359 1226 aa

263 1278 339 1330 tnnc
363 1270 487 1348 quidem
511 1269 681 1350 quidquam
705 1271 903 1330 tribuendum
929 1280 1027 1344 esset,
1051 1273 1080 1331 si
1102 1281 1189 1334 recte
1204 1273 1361 1338 eafahula

150 1404 154 1411 ·
263 1375 412 1439 Chionir-li
447 1379 674 1442 ascriberetur:
707 1377 811 1458 quidni
845 1379 926 1438 enim
955 1381 1057 1458 potuit
1089 1378 1273 1460 Gnesippus
1305 1401 1362 1461 per
1456 1448 1461 1462 ⁸

261 1487 380 1566 aliquot
398 1485 605 1565 Olympiades
626 1495 725 1548 artem
739 1493 890 1568 exercere
913 1506 1016 1570 snam,
1040 1489 1082 1549 ita
1106 1497 1138 1550 ut
1150 1496 1182 1548 et
1196 1488 1362 1551 Chionidis

262 1601 296 1654 et
308 1593 432 1654 Cratini
441 1601 579 1654 aetatem
590 1591 788 1674 atthrgereti
810 1597 997 1674 hlagnetem
1012 1615 1099 1670 vero,
1111 1615 1205 1676 quem
1215 1595 1362 1658 Clriouidi

262 1701 333 1762 fere
363 1701 530 1778 aequalem
565 1701 667 1762 luisse
700 1702 861 1783 siguificat
893 1704 1101 1775 Aristotelea,
1138 1706 1362 1786 nonamplius

261 1811 434 1890 sexaginta
462 1828 561 1870 annos
591 1811 732 1890 vixisse,
766 1830 847 1890 quae
887 1820 939 1872 cst
968 1813 1163 1874 bleInekii
1193 1813 1362 1886 sententia,

261 1926 389 1996 propter
411 1917 634 1998 Aristophanis
662 1919 762 1978 verba
789 1921 819 1980 ln
841 1919 989 1999 Equitum
1019 1921 1166 1999 parabasi
1186 1920 1260 1994 524,
1281 1919 1362 1995 5253

261 2022 320 2090 ἐπὶ
341 2014 464 2110 γήρως,
493 2017 530 2086 οὐ
559 2015 620 2109 γὰρ
647 2020 700 2110 ἐφ’
728 2017 811 2110 ἥβης
831 2015 999 2110 ἕξεβλήῧρ
1020 2017 1209 2112 πρεσβύτης
1231 2018 1286 2104 ὢν,
1305 2033 1363 2092 vix

262 2133 408 2213 equidem
428 2133 624 2194 crediderim.
668 2135 779 2212 Itaque
792 2135 978 2217 Magnetem
997 2138 1027 2194 si
1048 2136 1222 2196 statuimus
1244 2135 1363 2216 pariter

261 2250 358 2322 atque
381 2239 567 2318 Cbioiridern
591 2239 675 2301 circa
696 2240 746 2302 01.
764 2241 909 2302 LXXIII
931 2241 1057 2302 fabulas
1079 2260 1180 2323 agere
1201 2242 1364 2322 coepIsse,

261 2348 347 2410 haud
370 2348 501 2408 multum
525 2367 644 2408 avaro
667 2347 896 2408 aberrabImus:
927 2367 1031 2428 eoque
1057 2356 1201 2427 tempore
1222 2365 1364 2410 cousen-

265 2466 395 2518 taneum
422 2451 565 2516 est‘iam
595 2454 827 2533 provectiorem
858 2463 966 2517 aetate
996 2456 1098 2515 luisse
1130 2455 1364 2538 Epicharmum,

263 2561 410 2641 quonlam
433 2561 573 2640 Magnes
601 2566 734 2618 auctore
755 2557 856 2620 Suida
884 2546 1058 2637 ἐπιβάλλει
1078 2545 1270 2641 Ἐπιχάρμῳ
1291 2552 1364 2630 νέος

262 2662 306 2732 o‘ia
328 2655 507 2752 πρεσβύτῃ.
560 2667 684 2745 Quodsi
713 2667 820 2746 paullo
850 2674 923 2744 post
945 2667 1095 2728 Hieronis
1127 2667 1264 2745 obitum,
1291 2667 1310 2726 i.
1334 2685 1363 2728 e.

263 2783 349 2843 eirca
372 2777 420 2841 01.
443 2777 619 2853 LXXVIII
643 2777 694 2836 vel
718 2773 863 2837 erXIX
886 2783 1031 2835 mortuus
1059 2781 1110 2837 est
1136 2775 1363 2855 EpicharmuS,

263 2896 372 2949 uatum
396 2902 469 2944 esse
491 2882 701 2960 consequitur
723 2881 807 2941 circa
829 2880 877 2941 01.
901 2855 990 2954 hil,
1011 2881 1166 2961 siquidem
1188 2881 1362 2962 nonaginta

230 3046 238 3053 ,
265 3010 367 3057 armos
389 2992 471 3050 vixit
493 2997 623 3048 auctore
645 2988 812 3067 Diogene,
841 2986 891 3057 cui
919 2986 1066 3067 ¹equidem
1096 2986 1266 3048 inhaere
1290 2986 1362 3067 plus

264 3104 397 3165 tribuam
426 3118 519 3181 quam
544 3098 700 3159 Luciano.
744 3098 776 3157 Is
810 3098 891 3157 euim
915 3097 998 3178 quod
1032 3098 1205 3181 nonaginta
1237 3105 1362 3178 septem

263 3229 414 3277 annorum
439 3228 604 3269 numerum
626 3208 733 3287 posuit
754 3207 785 3266 iu
799 3207 973 3269 Macrobiis
985 3207 1040 3285 25,
1060 3206 1135 3266 illud
1159 3214 1193 3265 nt
1215 3206 1285 3283 ipse
1301 3203 1363 3263 du-

262 3323 401 3385 bitanter
423 3319 499 3380 fecit
521 3334 618 3394 quum
640 3314 810 3375 scriberet:
834 3306 888 3370 καὶ
897 3300 1100 3393 Ἐπίχαρμος
1116 3305 1153 3371 δὲ·
1176 3302 1195 3372 ὁ
1215 3307 1274 3393 τῆς
1293 3330 1360 3369 κω-

261 3422 391 3509 μῳδίας
412 3410 552 3505 ποιητής
573 3416 627 3480 καὶ
648 3407 746 3491 αὐτὸς
766 3406 953 3499 ἐνενήκοντα
973 3414 1028 3478 καὶ
1049 3406 1135 3479 ἑπτά
1157 3408 1213 3501 {iq
1234 3411 1363 3498 λέγεται

262 3530 390 3615 βιῶναι,
412 3532 456 3591 ita
480 3528 519 3589 de
543 3527 674 3589 Cratino
699 3534 732 3587 et
754 3524 958 3605 Philemone,
981 3542 1063 3605 quos
1082 3522 1124 3585 ad
1146 3523 1278 3586 eandem
1301 3543 1362 3585 ae-

263 3652 363 3703 tatem
386 3637 575 3720 perveuisse
598 3635 691 3698 modo
712 3643 911 3715 narraverat,
934 3639 1040 3715 magis
1062 3645 1113 3697 est
1134 3634 1283 3698 credibile
1300 3634 1362 3694 ali·

264 3750 337 3831 quid
361 3748 441 3809 certi
462 3746 609 3807 traditum
631 3744 733 3805 luisse
756 3762 848 3823 quam
878 3743 919 3803 de
941 3744 1147 3822 Epicharmo,
1176 3752 1211 3804 ut
1238 3742 1361 3803 illorum

264 3866 355 3919 aetas
383 3852 423 3914 ad
451 3850 595 3913 Siculum
624 3851 781 3913 comicum
812 3847 962 3911 videatur
983 3851 1137 3911 translata
1159 3866 1244 3909 esse.
1287 3848 1363 3907 No-

264 3968 397 4047 naginta
425 3970 530 4021 autem
558 3977 710 4021 annorum
740 3976 900 4021 numerum
933 3962 965 4019 in
988 3958 1172 4033 universum
1194 3966 1282 4018 recte
1305 3956 1364 4018 tri-

266 4073 375 4133 butum
397 4085 473 4129 esse
497 4065 687 4145 Epicharmo
712 4064 893 4144 neutiquam
916 4063 1102 4123 destitutum
1131 4071 1183 4122 est
1211 4062 1363 4141 probabi-

265 4179 363 4241 litate.
408 4176 498 4253 Quae
519 4174 547 4233 si
569 4174 613 4233 ita
636 4182 726 4247 suat,
754 4174 838 4235 circa
862 4174 910 4235 01.
933 4172 1095 4246 LXXIII,
1126 4189 1189 4253 quo
1220 4181 1363 4253 tempore

265 4288 401 4351 iuvenes
423 4284 549 4345 fuerunt
572 4282 746 4347 Chionides
768 4290 800 4341 et
822 4284 985 4361 Magnae,
1014 4292 1104 4341 recte
1131 4301 1234 4342 senex
1260 4282 1364 4345 dictus

266 4404 316 4459 est
338 4392 565 4475 EpicharmuS,
586 4392 629 4453 ita
648 4399 683 4451 ut
697 4391 816 4453 Suidae
831 4389 907 4451 illud
922 4389 1135 4454 testimonium
1150 4390 1365 4451 confirmetur.

268 4503 362 4583 Quae
384 4502 467 4565 euim
490 4500 531 4562 de
547 4498 755 4582 Pythagorae
778 4498 937 4578 discipulo
946 4497 1139 4578 Epicharmo
1160 4502 1249 4564 multi
1271 4517 1364 4560 coru·
