3617 5650
908 744 1114 833 ,ζη-

461 961 559 1026 mcnti
576 969 663 1040 sunt,
688 958 731 1020 ila
754 964 788 1018 nt
811 953 883 1016 inde
905 952 1023 1036 aliquid
1045 952 1086 1015 de
1109 936 1177 1016 e'ins
1199 965 1306 1017 aelate
1329 953 1436 1038 colligi
1459 977 1562 1040 posse

459 1069 631 1144 videretur,
653 1085 691 1128 ea
712 1065 799 1149 nihili
821 1081 896 1126 esse
917 1063 1049 1146 egregie
1064 1054 1170 1125 docuit
1185 1064 1442 1128 Welclrerns.
1463 1068 1561 1128 Haec

453 1189 578 1259 aulem,
601 1196 681 1259 quae
703 1174 869 1256 hucusque
891 1175 1094 1251 invenimus,
1118 1174 1185 1234 elsi
1200 1182 1351 1234 accurata
1375 1173 1559 1236 delinitione

459 1294 583 1358 carent,
617 1294 722 1346 tamen
752 1281 935 1362 sufficiunt,
964 1287 998 1341 ut
1025 1281 1227 1358 universum,
1257 1281 1360 1360 qualis
1389 1300 1427 1341 ea
1450 1295 1560 1344 aetate

458 1399 560 1473 fuerit,
583 1404 702 1461 statum
726 1392 946 1475 philosophiae
969 1401 1075 1454 mente
1097 1406 1383 1472 repraesentemus.

528 1502 653 1566 Etenim
665 1500 792 1560 sirecte
806 1497 988 1578 Epicharmi
1000 1505 1138 1557 aetatem
1154 1495 1395 1578 descripsimus,
1410 1500 1558 1580 aequalis

458 1614 527 1679 lero
548 1611 607 1674 fnit
628 1608 800 1678 Heraclito,
825 1606 878 1686 qui
901 1606 986 1668 circa
1002 1604 1051 1668 01.
1065 1606 1176 1668 thX
1191 1606 1295 1667 llornit
1312 1615 1396 1669 teste
1408 1609 1559 1690 Diogene
1651 1662 1652 1669 ,

459 1719 598 1785 Laertio.
641 1717 751 1778 Paullo
773 1714 931 1795 antiquior
952 1711 1118 1774 habendus
1141 1722 1191 1775 est
1212 1713 1441 1794 Xenophanen,
1462 1717 1556 1776 cuius

459 1829 610 1890 memoria
638 1831 672 1884 ut
700 1821 832 1900 saepius
862 1838 934 1883 cum
957 1819 1149 1900 Epicharmo
1178 1823 1392 1906 coniungitur,
1425 1827 1472 1886 ita
1494 1824 1556 1886 hoc

456 1938 528 2001 loco
551 1931 727 1994 Clementis
748 1925 965 2002 Alexandrini,
987 1925 1038 2008 qui
1061 1925 1103 1988 ad
1125 1927 1335 1990 deliniendam
1347 1930 1555 2011 Xenoplranis

458 2050 596 2104 aetatem
610 2041 758 2122 pertinet,
772 2039 891 2100 Strom.
905 2038 929 2109 l,
947 2055 977 2116 p.
990 2035 1068 2097 301:
1090 2030 1149 2118 τῆς
1167 2029 1206 2097 ’δὲ
1222 2024 1408 2121 Ἐλεατικῆς
1429 2027 1556 2124 ἀγωγῆς

455 2135 643 2232 Ξενοφάνης
664 2133 683 2207 ri
706 2131 916 2226 Κολοφώνιος
937 2129 1108 2226 κατάρχει,
1135 2130 1171 2204 ὅν
1199 2161 1283 2226 φησι
1312 2138 1449 2223 Τίμαιος
1471 2137 1554 2209 acroi

452 2246 587 2341 Ἱέρωνα,
609 2243 665 2316 adv
685 2246 834 2324 Σικελίας
857 2239 1022 2336 δυνάστην
1042 2249 1096 2315 καὶ
1117 2242 1319 2339 Ἐπίχαρμον
1339 2245 1396 2318 cdv
1416 2248 1554 2344 ποιητήν

453 2357 623 2448 γεγονέναι·
645 2347 894 2446 Ἀπολλόδωρος
913 2354 951 2420 δὲ
972 2347 1055 2421 acroi
1076 2349 1133 2445 τήν
1150 2354 1418 2448 τεσσαρακοστήν
1429 2355 1552 2445 Ὀλυμ-

452 2461 559 2538 uirida
586 2459 755 2555 γενόμενον
783 2464 1045 2555 παρανενακὲναι
1072 2459 1149 2556 ἄχρι
1177 2467 1242 2532 τῶν
1266 2467 1410 2557 Δαρείου
1437 2470 1475 2535 νε
1499 2472 1552 2536 καὶ

455 2569 568 2666 Κύρου
588 2567 720 2664 χρόνων.
754 2577 941 2657 Apollodori
963 2576 1111 2636 iudicium
1133 2577 1217 2640 laisa
1238 2583 1476 2660 computatione
1497 2585 1551 2648 niti

453 2687 571 2750 dudum
594 2693 644 2746 cst
658 2685 868 2745 intellectumt
891 2700 1003 2742 verum
1020 2681 1133 2744 iniuria
1145 2680 1435 2769 Timaeus‘quoque
1449 2691 1550 2774 vulgo

451 2797 592 2863 creditur
614 2795 715 2857 salsus
739 2810 823 2875 esse.
876 2791 995 2872 Neque
1024 2791 1106 2856 enim
1133 2792 1164 2853 in
1193 2813 1232 2856 eo
1258 2797 1388 2859 multum
1421 2815 1441 2859 a
1469 2819 1547 2863 vero

450 2909 627 2989 aberravit,
659 2904 742 2985 quod
771 2883 1003 2983 Xenophanem
1031 2901 1224 2982 Epicharmo
1256 2902 1334 2965 lecit
1365 2908 1549 2985 aequalem:

453 3012 506 3094 qui
529 3029 622 3090 quum
642 3009 711 3069 fere
728 3026 797 3067 cum
811 3008 953 3067 Hierone
964 3008 1110 3087 coniungi
1125 3008 1239 3084 soleat,
1261 3011 1411 3073 Hieronis
1423 3032 1550 3095 qnoque

452 3117 634 3179 memoriam
647 3104 782 3188 addidit,
806 3113 1067 3175 inconvenienter
1080 3134 1159 3176 sane
1172 3117 1348 3180 rationibus
1364 3129 1547 3202 temporum.

451 3222 639 3301 Quanquam
663 3221 804 3282 fortasse
826 3240 866 3280 ue
894 3220 994 3299 ipsius
1016 3220 1140 3303 quidem
1163 3222 1285 3284 'l'inraei
1304 3224 1355 3287 hic
1376 3237 1428 3289 est
1449 3249 1548 3312 error,

450 3332 508 3395 sed
531 3330 671 3393 additum
693 3330 807 3393 estvel
822 3350 842 3392 a
859 3330 1027 3392 Clemente
1049 3330 1102 3391 vel
1124 3330 1163 3391 ab
1185 3330 1256 3404 alio,
1281 3334 1332 3415 qui
1356 3354 1425 3396 eum
1448 3356 1548 3417 prae-

450 3442 559 3521 cessit,
583 3439 731 3501 Hieronis
753 3457 885 3499 nomen:
919 3416 1136 3516 quia'scilicet
1157 3438 1306 3501 Hieronis
1328 3451 1421 3503 aetas
1444 3446 1548 3526 magis

374 3620 381 3629 .
449 3551 581 3633 cognita
604 3566 679 3607 ease
702 3545 870 3625 putabatur
893 3563 985 3624 quam
998 3545 1191 3623 Epicharmi.
1216 3548 1335 3609 Verum
1349 3571 1442 3631 quum
1458 3564 1547 3616 certe

446 3676 509 3719 uon
521 3663 596 3736 post
605 3653 829 3733 Epicharmuur
839 3653 1193 3735 vixeritXenophanes‚
1202 3658 1275 3720 nihil
1285 3661 1429 3741 prolecto
1441 3662 1548 3727 obstat

446 3763 613 3847 quominus
633 3760 840 3841 Xenophauis
864 3760 1040 3823 doctrinam
1064 3764 1253 3845 Epicharmo
1277 3776 1384 3829 notam
1413 3768 1545 3852 eiusque

445 3880 552 3936 aelate
585 3872 615 3932 in
646 3868 805 3937 mentibus
840 3868 1000 3929 hominum
1030 3880 1193 3933 versatam
1224 3873 1328 3936 fuisse
1349 3876 1545 3942 arbitremur.

446 3981 556 4043 Paullo
579 3978 736 4040 recentior
758 3976 950 4057 Epicharmo
972 3978 1138 4040 habendus
1161 3990 1212 4043 est
1234 3982 1455 4067 Parmenides,
1479 3989 1545 4069 qui,

445 4097 553 4167 utpote
575 4087 655 4149 Elea
677 4084 840 4165 oriundus,
864 4104 926 4144 non
948 4093 1149 4164 potestante
1172 4087 1220 4152 01.
1238 4088 1315 4151 le
1338 4099 1432 4153 natus
1455 4113 1544 4177 esse,

445 4193 599 4273 cuiusque
621 4192 731 4253 llorem
754 4190 835 4251 inter
857 4192 905 4252 01.
923 4189 1033 4252 LXlX
1055 4200 1087 4252 ct
1109 4192 1236 4255 LXXX
1256 4198 1458 4277 probabiliter
1482 4202 1543 4264 de-

445 4300 575 4379 scripsit
605 4290 868 4360 Karsteni'us.
923 4298 1035 4378 ltaque
1062 4302 1123 4359 etsi
1144 4300 1345 4365 Parmenidis
1367 4306 1543 4389 discipulus

419 4424 520 4469 esse
542 4403 624 4463 nullo
653 4400 747 4463 modo
779 4404 883 4481 potnit
905 4403 1137 4484 Epicharmus,
1170 4415 1275 4468 tamen
1305 4410 1372 4473 eius
1401 4412 1543 4479 doctriua

443 4514 590 4597 viguisse
612 4510 752 4594 putanda
774 4520 836 4592 est,
860 4530 955 4593 quum
979 4512 1188 4593 Epicharmus
1210 4516 1373 4581 scriberet.
1416 4520 1542 4602 Pytha-
