3617 5650
928 767 1112 829 —lss

551 955 600 1014 De
616 953 779 1013 allatorum
795 969 814 1010 a
829 943 976 1030 Diogene
993 949 1232 1031 versuum-tide,
1252 951 1304 1030 qui
1319 949 1359 1011 de
1373 951 1562 1033 Epicharmo

465 1063 680 1142 seripserunt,
712 1079 909 1140 nequaquam
940 1050 1136 1121 dubitaruntt
1170 1060 1303 1140 aliquam
1333 1059 1563 1122 dubitationem

466 1170 566 1230 movit
589 1169 783 1229 Meinersius
806 1169 845 1229 de
868 1187 946 1228 vero
970 1167 1030 1229 dee
1051 1187 1080 1248 p.
1096 1167 1156 1228 311
1181 1171 1265 1229 etin
1289 1169 1417 1229 his-toria
1438 1169 1563 1230 littera-

464 1297 532 1337 rum
557 1275 639 1358 apud
664 1273 810 1338 Graecos
834 1275 859 1356 l,
882 1295 912 1354 p.
934 1274 1005 1335 586.
1048 1275 1121 1335 Nee
1141 1294 1220 1335 sane
1244 1275 1370 1337 videtur
1390 1276 1459 1337 sine
1480 1292 1563 1337 cau·

464 1387 551 1446 tione
567 1379 755 1444 eredendum
771 1401 845 1442 esse
862 1383 1010 1462 Diogeni,
1033 1381 1216 1460 Epicharmi
1231 1391 1377 1444 eas‘ess'e
1398 1384 1561 1465 reliquias,

374 1545 377 1552 .
463 1511 524 1551 nou
548 1493 649 1552 solum
673 1493 744 1570 quia
766 1491 795 1550 in
813 1489 1032 1570 philosophico
1049 1509 1165 1571 genere
1181 1494 1278 1553 multa
1291 1492 1467 1578 substituta
1483 1510 1560 1553 esse

463 1600 573 1660 Siculo
597 1605 713 1678 poetae
735 1606 874 1658 constat:
905 1597 962 1658 sed
987 1599 1090 1679 inagis
1115 1600 1230 1680 etiam,
1258 1601 1332 1680 quia
1354 1599 1517 1680 Alcimus,
1540 1619 1560 1660 e

463 1705 555 1766 euius
578 1705 655 1765 libro
678 1721 735 1764 eas
755 1703 1117 1785 desumpsitDiogeneS,
1142 1705 1262 1765 studuit
1284 1706 1352 1765 sine
1373 1703 1562 1784 dubioEpi-

460 1813 578 1874 charmi
601 1811 778 1873 sententias
795 1830 887 1892 quam
909 1811 1085 1871 simillimas
1106 1809 1239 1871 reddere
1253 1813 1440 1896 Platonicis,
1463 1831 1559 1893 quum

457 1918 622 1982 Platonem
646 1928 794 1981 censeret
820 1919 913 1980 modo
937 1939 997 1980 non
1021 1938 1144 1980 omnem
1164 1920 1302 1983 idearum
1323 1920 1500 1982 doctrinam
1515 1940 1559 1982 ex

456 2027 650 2108 Epicharmo
667 2029 822 2092 hausisse.
868 2025 961 2103 Quod
979 2035 1010 2087 ut
1026 2035 1252 2108 assequeretur
1268 2029 1297 2089 si
1319 2029 1423 2089 minus
1445 2035 1557 2090 certae

456 2137 587 2218 originis
603 2137 784 2218 fragmenta
799 2135 913 2214 cupide
931 2136 1130 2214 arripuisset,
1154 2153 1216 2195 neu
1237 2144 1327 2197 esset
1350 2144 1438 2197 tanto
1460 2155 1559 2216 opere

402 2311 406 2324 Ι
455 2245 638 2305 mirandum.
685 2243 732 2303 De
755 2243 889 2302 nominis
909 2246 989 2302 enim
1006 2245 1195 2304 auctoritate
1209 2245 1285 2304 nihil
1299 2243 1422 2305 deliniri
1438 2255 1558 2325 potest,

456 2353 615 2432 quoniam,
640 2349 710 2431 quis
733 2349 784 2408 ille
807 2349 949 2410 Alcimus
970 2349 1074 2426 inerit,
1097 2346 1181 2410 haud
1203 2359 1398 2430 compertum
1421 2360 1472 2412 est
1494 2353 1557 2412 ali-

456 2460 547 2522 unde.
601 2445 685 2520 Nam
712 2475 793 2538 qnos
816 2470 982 2536 praeterea
1006 2459 1149 2520 Alcimos
1178 2461 1342 2541 novimuS,
1372 2457 1475 2522 r'e'rum
1491 2463 1557 2524 Si-

454 2567 594 2628 eularum
624 2563 928 2644 atqueltaliearum
958 2565 1149 2642 scriptorem
1179 2572 1211 2625 et
1238 2566 1415 2647 rhetorem,
1443 2586 1554 2636 eorum

454 2687 487 2737 ut
510 2677 548 2736 de
571 2683 683 2736 neutro
705 2682 856 2734 accurate
878 2670 1021 2732 iudicare
1041 2673 1132 2752 licet,
1167 2675 1210 2735 ita
1240 2692 1310 2736 eum
1335 2683 1447 2739 neutro
1469 2678 1553 2740 hune

452 2787 605 2869 Diogenis
627 2783 785 2847 Alcimum
812 2790 988 2863 congruere
1018 2791 1069 2843 est
1092 2783 1264 2863 probabile.
1307 2785 1553 2848 NimirumAl-

453 2896 567 2955 eimum
581 2892 733 2971 Siculum,
752 2888 858 2972 quide
874 2890 970 2951 rebus
983 2889 1100 2950 Siculis
1118 2899 1151 2951 et
1163 2892 1283 2953 Italicis
1297 2894 1437 2975 scripsit,
1460 2914 1554 2955 cnm·

451 3010 659 3063 memoratum
683 3000 722 3059 ab
741 2998 910 3057 Athenaeo
925 2997 1002 3071 Vll,
1024 2996 1088 3058 322
1103 3014 1139 3074 ας
1163 3000 1207 3074 Χ,
1230 3000 1287 3059 441
1305 3014 1340 3077 a3
1363 3001 1436 3073 ΧΗ,
1458 3000 1551 3060 5181)

452 3120 483 3172 et
495 3131 514 3172 a
527 3112 625 3171 Eesto
638 3128 663 3169 s·
676 3128 708 3169 v.
722 3108 777 3169 uo
788 3127 816 3167 m
827 3126 904 3187 am,
927 3116 978 3169 sat
990 3105 1168 3168 fabulosum
1190 3117 1354 3169 auctorem
1377 3108 1478 3168 luisse
1499 3108 1551 3169 in-

451 3222 604 3303 telligitur
627 3240 668 3282 ex
690 3218 739 3299 iis,
763 3237 845 3298 quae
868 3216 910 3277 de
927 3217 1069 3277 Hercule
1089 3218 1175 3297 apud
1187 3220 1386 3281 Athenaeum
1399 3222 1441 3295 X,
1453 3219 1511 3280 441
1530 3240 1550 3281 a

450 3339 483 3391 et
513 3328 552 3389 de
582 3329 703 3411 origine
730 3327 817 3387 urbis
840 3324 966 3387 Rornae
993 3325 1078 3405 apud
1102 3326 1232 3387 Festum
1264 3335 1378 3389 narrat.
1421 3330 1453 3389 ls
1476 3330 1549 3410 etsi,

451 3446 485 3497 ut
500 3436 639 3512 SiculuS,
663 3430 844 3511 Epicharmi
868 3434 988 3509 poesim
1006 3433 1103 3507 prebe
1119 3435 1280 3513 cognitam
1295 3434 1413 3495 habere
1434 3438 1550 3515 potuit,

419 3576 423 3587 ·
450 3558 556 3603 tamen
587 3540 646 3600 illis
670 3545 819 3617 quattuor
842 3536 930 3595 libris
952 3525 1037 3619 πρὸς
1056 3525 1213 3615 Ἀμύνταν
1234 3540 1309 3598 nihil
1331 3541 1456 3602 videtur
1477 3560 1548 3604 cum

449 3650 601 3711 historica
622 3646 778 3727 scriptura
793 3646 892 3732 luisse
905 3663 1084 3723 commune,
1107 3645 1238 3707 utnulla
1253 3664 1354 3710 eausa
1366 3650 1409 3711 sit
1424 3658 1549 3711 utrum·

450 3778 512 3840 que
534 3758 692 3818 Alcimum
712 3753 932 3834 coniungendi.
976 3753 1032 3814 Sin
1047 3762 1099 3815 est
1114 3754 1369 3836 coniungendus,
1390 3777 1454 3819 uon
1475 3777 1549 3819 me·-

447 3886 544 3947 gnam
567 3884 645 3926 sene
667 3860 760 3921 iidem
777 3869 924 3921 meretur.
967 3862 1125 3923 Alcimum
1146 3871 1252 3924 autem
1276 3864 1446 3944 rhetorem,
1466 3867 1548 3927 Stil-

447 3972 539 4051 ponis
563 3966 765 4049 discipulum,
788 3964 943 4045 siquidem
965 3984 1045 4025 sana
1065 3975 1116 4027 est
1137 3964 1249 4044 lectio,
1279 3953 1432 4027 ἁπάντων
1452 3971 1547 4052 πρω-

448 4067 588 4165 τεύοντα,
605 4073 669 4138 τῶν
690 4068 722 4135 ἐν
742 4069 783 4157 τῇ
802 4058 934 4133 ιΕλλάδι
956 4060 1102 4156 ῥητόρων
1129 4082 1227 4136 vocat
1250 4076 1418 4157 Diogenes
1440 4077 1546 4144 Laer-

448 4190 510 4251 tius
533 4189 579 4262 11,
610 4186 686 4261 114,
715 4188 768 4264 qui
790 4185 879 4243 solus
901 4191 1063 4242 memorat.
1112 4184 1230 4263 Neque
1252 4203 1341 4261 eum,
1370 4184 1399 4244 si
1421 4184 1547 4247 exstitit

448 4284 603 4377 unquam,
637 4294 789 4354 credibile
821 4301 871 4353 est
903 4290 943 4350 dc
976 4291 1070 4351 rebus
1101 4290 1329 4371 philosophicis
1359 4291 1544 4373 scripsisse:

448 4418 533 4471 certe
555 4406 595 4467 de
619 4379 688 4465 eius
712 4404 774 4465 lide
796 4402 965 4483 quidquam
990 4400 1112 4461 definiri
1134 4404 1251 4481 nequit.
1276 4402 1435 4480 Quocirca
1452 4404 1544 4483 qnis-

448 4525 520 4603 quis
543 4517 602 4579 luit
626 4516 771 4577 Alcimus
794 4514 856 4593 ille,
877 4512 930 4593 ,qui
952 4510 1174 4591 Epicharmum
1199 4529 1271 4572 eum
1294 4510 1428 4573 Platone
1450 4528 1543 4573 cem·
