3617 5650
636 759 952 840 ,-ν-

294 948 474 1027 substituit,
497 967 592 1030 quum
615 944 655 1010 ad
678 953 825 1028 quattuor
848 945 1226 1025 elementarmnsfcner,
1249 941 1392 1028 quaeda

294 1051 564 1137 ente‘docrrerapt
587 1053 733 1113 Eleatae:
767 1051 866 1112 veluti
888 1050 948 1110 hos
979 1069 1095 1110 versus
1125 1049 1258 1110 dubitari
1285 1049 1394 1130 nequit

296 1164 367 1244 quia
391 1162 436 1243 de,
453 1158 795 1242 elementisproierat,
818 1157 902 1240 apud
924 1155 1130 1218 Aristotelem
1154 1155 1195 1218 de
1215 1156 1296 1217 Xen.
1311 1156 1392 1219 Zea.
1448 1191 1453 1198 ·

293 1273 335 1338 G.
359 1295 389 1356 p.
411 1277 448 1340 2:

398 1431 400 1436 .
485 1370 540 1442 ’ἔκ
560 1399 597 1442 τε
618 1367 664 1464 μή
686 1367 779 1452 ὄντος
800 1362 968 1460 ἀμήχανόν
989 1368 1059 1434 ἐστι
1078 1367 1245 1454 γενέσθαι,

377 1477 415 1552 τό
435 1490 465 1552 τ’
488 1480 541 1552 ἐᾶν
562 1479 764 1568 ἐξόλλυσθαι
784 1475 959 1574 ἅνήννστον
980 1480 1032 1544 καὶ
1056 1472 1234 1567 ἄπρηκτον·

378 1593 445 1660 αἰεὶ
456 1587 527 1684 7de
550 1585 725 1684 στήσονται
746 1589 808 1682 ὅπη
834 1593 870 1659 κε’
892 1616 943 1668 τις
963 1588 1034 1657 αἰὲν
1055 1588 1176 1677 ἐρείδῃ.

294 1717 328 1778 et
349 1707 433 1790 apud
456 1709 652 1789 Simplicium
677 1707 776 1789 Phys.
800 1707 899 1789 1,34:

377 1813 475 1890 rorico
495 1812 525 1876 d’
547 1802 805 1898 ἐπᾳνξὴσειετό
827 1811 894 1876 πᾶν
914 1808 948 1875 τί
968 1832 1005 1874 κε
1028 1807 1080 1874 καὶ
1104 1799 1213 1883 πόθεν
1234 1800 1353 1890 stain,-

376 1920 425 2008 πῆ
446 1919 483 1986 δέ
505 1943 542 1984 κε
564 1918 618 1984 καὶ
639 1911 817 2004 ἀπύλωτος
840 1916 915 1984 ἐπεὶ
936 1917 1031 1982 τῶνδ’
1053 1909 1147 1982 οὐδὲν
1168 1910 1297 2004 ἔρημον·

347 2104 352 2115 Ι
379 2019 451 2095 ‹itl’
471 2019 541 2090 αὕτ’
564 2021 635 2118 dirae
654 2049 691 2112 pe
707 2026 824 2108 ταῦτα,
846 2026 890 2090 δι’
912 2016 1062 2113 ἀλλήλων
1083 2024 1120 2090 δὲ
1141 2023 1264 2090 θέοντα
1379 2009 1384 2018 ’

378 2135 520 2224 γίγντται
540 2129 658 2202 ἄλλοτε
680 2128 764 2202 ἄλλα
786 2133 941 2223 διηνεκὲς,
962 2131 1032 2200 αἰὲν
1053 2126 1162 2218 ὁμοῖα.

295 2247 376 2312 lllud
398 2257 504 2312 tamen
527 2247 758 2323 recordandum
782 2257 844 2332 est,
870 2249 1095 2328 Epicharmum
1120 2266 1182 2308 non
1205 2245 1395 2309 admodum

295 2355 500 2436 Empedoclis
528 2356 717 2436 provexisse
746 2356 978 2436 philosophiam
1005 2356 1155 2416 versibus
1181 2355 1263 2416 suis:
1292 2373 1396 2435 neque

295 2465 377 2526 enim
401 2471 436 2526 ut
455 2464 510 2524 ille
531 2481 648 2524 novam
670 2463 838 2546 magisque
860 2462 980 2522 linitam
1002 2463 1161 2523 notionem
1181 2461 1314 2542 induxit,
1336 2460 1396 2522 sed

296 2577 399 2641 solum
412 2575 595 2640 dicatarum
611 2573 756 2636 notiones
772 2571 813 2633 ad
825 2571 1064 2653 intelligendum
1077 2571 1212 2633 reddidit
1223 2572 1394 2634 faciliores.

380 2681 499 2762 Quaeri
528 2681 630 2761 possit
658 2688 844 2762 praeterea,
873 2681 1085 2760 Epicharmus
1114 2689 1218 2740 utrum
1240 2699 1259 2742 a
1280 2679 1395 2739 Xeno-

287 2791 401 2873 phane
422 2791 504 2851 illam
529 2789 717 2851 sententiam
740 2808 779 2851 aa
807 2807 826 2849 a
855 2787 1048 2851 l'armenide
1076 2788 1262 2869 sumpserit,
1300 2785 1396 2867 Quod

298 2917 355 2959 ens
376 2898 459 2959 idem
482 2898 557 2961 fecit
579 2898 662 2977 quod
683 2884 724 2957 coi
741 2882 857 2973 mairac,
879 2898 1027 2958 videatur
1048 2898 1186 2962 fortasse
1198 2898 1303 2978 magis
1324 2915 1395 2958 com

297 3002 486 3076 Parmenide
509 3020 604 3083 quam
633 3022 701 3065 cum
724 3004 925 3085 Xenophane
954 3008 1143 3067 convenire:
1173 3013 1282 3067 contra
1310 3004 1395 3087 qood

289 3112 336 3180 ,de
359 3110 429 3174 deis
444 3111 608 3191 praecipit,
632 3112 781 3173 maiorem
805 3112 936 3193 praehet
957 3113 1196 3192 Xenophaneae
1217 3113 1397 3175 sententiae

296 3218 537 3283 similitudinem.
580 3221 697 3301 Neque
719 3229 845 3300 poetam
867 3222 897 3281 in
919 3220 1095 3301 comoedia,
1118 3223 1168 3283 ubi
1192 3224 1298 3302 potius
1322 3224 1395 3302 phi·

296 3327 499 3408 losophorum
523 3326 639 3405 placita
662 3326 702 3387 ad
726 3328 892 3407 vulgarem
923 3327 1085 3407 cogitandi
1110 3329 1262 3389 rationem
1286 3338 1395 3390 trans-

297 3438 410 3517 ferret,
442 3434 569 3499 subtilia
593 3436 757 3515 utriusqoe
780 3433 964 3513 disciplinae
987 3434 1171 3498 discrimina
1192 3453 1324 3498 curasse
1346 3445 1397 3499 est

286 3544 446 3614 ,credibilo
468 3560 508 3605 ac
530 3560 694 3605 servasse.
748 3544 847 3605 lmmo
870 3543 944 3604 nihil
965 3543 1016 3603 ille
1037 3544 1095 3604 nisi
1117 3563 1273 3608 summam
1296 3547 1395 3608 Elea-

297 3655 381 3717 ticae
403 3653 565 3713 doctrinae
588 3652 632 3713 ita
651 3672 829 3733 proponere
857 3652 973 3732 voluit,
1003 3671 1042 3713 ea
1070 3662 1105 3714 ut
1131 3656 1244 3734 partim
1271 3657 1397 3718 facilius

298 3762 537 3843 intelligeretur,
561 3759 672 3840 partim
696 3767 897 3841 exaggerata
922 3758 1102 3823 adironiam
1120 3772 1152 3824 et
1174 3763 1275 3823 lenem
1299 3766 1396 3825 risum

287 3877 489 3951 uerteretur.
534 3866 724 3949 Quanquam
748 3870 775 3929 si
798 3869 948 3929 alteruter
970 3871 1136 3952 eligendus
1157 3873 1210 3950 sit,
1233 3871 1336 3932 malim
1359 3872 1399 3934 ud

298 3975 530 4055 Xenophanem
553 3972 636 4038 hano
659 3974 841 4055 Epicharmi
863 3978 1133 4053 ratiocinationem
1156 3979 1295 4042 referre:
1323 3999 1397 4043 cum
1459 3986 1463 3991 '

300 4102 361 4163 quo
384 4081 509 4164 quidem
531 4102 592 4143 nou
616 4082 698 4163 apud
724 4084 896 4163 scriptores
913 4086 1015 4145 solum
1035 4086 1165 4165 saepius
1182 4088 1399 4169 coniungitur,

302 4190 361 4253 sed
385 4211 405 4252 a
427 4210 489 4279 quo¹
513 4191 607 4253 etiam
632 4189 721 4271 plura
743 4192 923 4269 sumpsisse
945 4192 1127 4271 reperietur.

383 4301 449 4359 lam
466 4316 544 4380 vero
568 4298 641 4379 quid
659 4306 817 4361 statuatur
834 4300 874 4363 de
890 4304 987 4361 altera
1004 4303 1171 4383 fragmenti
1186 4320 1286 4384 parte,
1308 4327 1401 4388 qnam

288 4405 476 4491 ,hucusque
494 4406 675 4487 omisimus,
707 4411 767 4469 etit
795 4409 1013 4487 spectandum.
1069 4412 1104 4471 lrr
1134 4432 1173 4474 ea
1202 4397 1284 4475 enim
1315 4416 1398 4493 quod

301 4511 444 4575 homines
467 4513 496 4573 in
514 4511 591 4590 ,dies
613 4516 726 4575 mutari
748 4513 903 4596 dicuntur,
926 4514 955 4576 id
980 4535 1050 4579 cum
1072 4520 1186 4599 prioris
1201 4523 1299 4602 partis
1322 4542 1400 4584 son-
