3617 5650
873 697 1080 762 ‘⁸ae-

431 901 509 948 esse
520 882 657 965 videtur,
670 881 753 964 quod
765 901 868 946 rerum
879 890 1024 944 naturam
1035 901 1078 944 arr
1088 879 1201 944 iisdem
1213 890 1359 947 mantare
1368 881 1529 960 substau-

329 985 332 992 ’
429 995 493 1076 tiis,
515 995 575 1056 sed
595 1003 701 1054 tamen
724 993 891 1074 permutari
908 1012 951 1054 ex
962 991 1146 1072 Epicharmi
1166 992 1335 1069 sententia,
1347 1001 1529 1072 ⁸praeterea

428 1101 694 1182 praepositionem
710 1088 766 1162 dte?
778 1100 816 1163 ad
829 1118 985 1182 personas
995 1101 1104 1162 referri
1116 1099 1278 1182 significat
1291 1119 1395 1180 eoque
1409 1100 1529 1180 epponi

430 1202 466 1270 ἐκ
493 1209 732 1291 praepositioni,
756 1227 838 1288 quae
859 1207 900 1270 ad
918 1226 1036 1270 causas
1052 1209 1270 1273 elementares
1290 1217 1426 1288 spectet.
1457 1210 1486 1268 tt
1506 1229 1529 1270 a

430 1325 465 1379 ut
490 1318 629 1380 fortasse
651 1318 734 1378 hano
756 1317 946 1378 sententiam
968 1333 1043 1378 esse
1064 1314 1231 1377 verborum
1253 1316 1407 1379 voluerit:
1436 1317 1530 1380 Haec

428 1433 548 1499 antem,
561 1442 608 1485 sc.
631 1423 798 1504 elementa,
822 1441 952 1506 semper
970 1423 1082 1495 eadem
1105 1431 1243 1504 manent,
1264 1442 1325 1484 nec
1347 1424 1528 1487 tameniis-

429 1529 501 1590 dem
518 1549 646 1608 semper
669 1530 793 1590 viribus
815 1529 984 1611 agitantur.
1026 1527 1063 1590 ld
1090 1529 1175 1609 quod
1205 1528 1338 1608 quadret
1366 1529 1434 1590 iere
1455 1548 1528 1591 cum

402 1637 633 1717 ‘Empedoclis
657 1637 794 1718 placito,
817 1634 924 1696 mundi
946 1637 1151 1711 mutationem
1178 1654 1217 1698 eo
1243 1636 1420 1717 exsistere,
1442 1635 1528 1716 quod

428 1743 596 1822 elementa,
627 1742 687 1802 etsi
710 1742 779 1822 ipsa
801 1749 933 1802 aeterua
954 1744 1042 1822 siut,
1073 1749 1179 1802 tamen
1208 1741 1300 1803 varia
1322 1759 1451 1822 semper
1474 1740 1527 1803 ri-

429 1851 507 1910 rium
531 1849 735 1910 contentione
758 1848 930 1930 agitentur,

511 1943 630 2015 ἄλλοτε
651 1949 711 2032 μὲν
732 1941 884 2038 φιλότητι
909 1938 1114 2037 συνερχόμεν’
1135 1946 1184 2028 εἰς
1204 1948 1261 2016 ἕνα
1281 1941 1412 2036 κόσμον,

509 2056 627 2130 ἄλλοσε
650 2065 679 2129 d’
702 2055 743 2130 αὖ
765 2062 829 2146 δίχ’
853 2062 974 2130 ἕκαστον
995 2056 1181 2152 φορεύμενα
1203 2063 1326 2142 νείκεος
1347 2061 1452 2147 ἔχθει.

428 2177 659 2238 Verumtamen
686 2195 783 2256 quum
812 2175 1027 2256 Empedocles
1056 2178 1248 2256 aliquantum
1278 2180 1431 2259 temporis
1455 2188 1529 2260 post

428 2283 656 2362 Epicharmum
677 2283 811 2364 vixerit,
841 2283 923 2344 iliius
943 2285 1169 2346 sententiarum
1193 2285 1294 2347 nulius
1315 2295 1425 2366 potest
1447 2306 1527 2349 usus

425 2410 503 2454 esso
518 2393 558 2454 ad
575 2390 842 2472 interpretandum
855 2391 1038 2473 Epicharmi
1053 2393 1277 2476 fragmentum.
1299 2395 1527 2474 Empedoclem

312 2507 315 2514 ’
427 2512 533 2563 antem
549 2502 682 2581 primum
699 2509 847 2580 quattuor
866 2502 1024 2564 elementa
1038 2502 1194 2564 statuisse
1213 2503 1382 2564 manifesto
1403 2512 1530 2569 constat

428 2609 614 2670 Aristotelis
635 2609 830 2690 testimonio,
852 2609 993 2689 Metaph.
1018 2611 1044 2688 l,
1063 2588 1104 2672 ¹11:
1139 2599 1188 2670 ἔτι
1209 2603 1247 2670 δὲ
1267 2597 1309 2670 τοὶ
1328 2597 1375 2684 ὥς
1396 2605 1430 2672 ἐν
1450 2584 1530 2694 dirps·

425 2711 513 2776 sidet
533 2701 690 2796 λεγόμενα
708 2715 853 2790 στοιχεῖα
867 2710 1007 2799 τέσσαρα
1024 2710 1155 2798 πρῶτος
1168 2702 1276 2780 einer:
1299 2735 1402 2799 eoque
1415 2738 1527 2782 omnes

429 2842 538 2885 eorum
561 2820 725 2902 opiniones
754 2821 1007 2906 redarguuntur,
1037 2822 1091 2904 qui
1120 2830 1271 2903 quattuor
1301 2823 1459 2887 elementa
1487 2828 1528 2908 ab

432 2932 626 3011 Epicharmo
647 2930 821 3015 significari
843 2932 1045 3009 arbitrantur,
1068 2929 1194 2992 adducti
1210 2931 1350 2996 maxima
1363 2934 1530 2997 Menandri

428 3041 577 3101 versibus
598 3039 681 3119 apud
705 3040 880 3101 Stohaeum
902 3040 988 3100 Elor.
1011 3040 1064 3115 91,
1084 3040 1141 3104 292

552 3133 591 3206 ‘0
613 3139 673 3223 μὲν
693 3133 896 3229 Ἐπίχαρμος
916 3135 992 3217 τούς
1014 3134 1116 3219 θεούς
1135 3134 1220 3209 εἶναι
1241 3144 1330 3232 λέγει

554 3237 702 3329 ἀνέμους,
724 3239 823 3334 ὕδωρ,
845 3245 913 3335 γῆν,
934 3243 1035 3334 ἥλιον,
1054 3248 1132 3336 πῦρ,
1153 3241 1304 3338 ἀστέρας.

554 3352 616 3445 ἐμοὶ
638 3361 666 3423 d’
688 3352 854 3443 ὑπέλαβον
877 3359 1056 3449 χρησίμους
1076 3353 1161 3429 εἶναι
1180 3356 1285 3441 θεούς

555 3462 624 3547 [ὥς]
647 3461 819 3557 σ’ἆργύριον
840 3463 918 3556 ἡμῖν
938 3478 1000 3550 [σε]
1022 3469 1078 3535 καὶ
1097 3464 1136 3537 ad
1156 3470 1297 3559 χρυσίον.

552 3564 769 3659 ἱδρυσάμενος
788 3565 923 3649 τούτους
942 3566 1004 3661 γάρ
1026 3570 1075 3651 εἰς
1094 3566 1152 3663 τήν
1171 3573 1276 3641 οἰκίαν

553 3672 645 3762 adgeri
666 3706 699 3746 aa
719 3672 841 3765 βούλει,
863 3672 971 3749 πάντα
992 3703 1044 3747 σοι
1063 3674 1232 3769 γενήσεται
1252 3710 1280 3748 κ.
1302 3708 1330 3753 a.
1355 3684 1384 3756 t,

430 3796 471 3857 Hi
502 3806 609 3858 autem
638 3812 753 3857 versus
782 3804 916 3876 apparet
948 3817 1042 3879 quam
1075 3781 1174 3878 aegra
1195 3801 1291 3884 talem
1315 3798 1354 3859 ad
1377 3806 1527 3879 quattuor

432 3904 589 3963 elementa
620 3903 779 3983 patiantur
804 3902 953 3963 relatum:
989 3922 1084 3981 quum
1114 3892 1203 3986 ἥλιον
1224 3912 1257 3965 et
1277 3891 1420 3986 ύσνέρας
1441 3912 1529 3965 certa

414 4011 596 4071 elementis
614 4030 675 4073 uon
695 4018 963 4073 annumeraturus
984 4010 1099 4071 fuisset
1117 4012 1334 4092 Epicharmus.
1359 4013 1529 4090 Quonexu

431 4117 504 4177 talis
532 4118 690 4179 sententia
719 4116 803 4199 apud
837 4137 910 4179 eum
941 4116 1035 4179 fucrit
1063 4121 1203 4201 prolata,
1234 4119 1329 4181 hodio
1354 4120 1530 4201 praestabit
1562 4189 1566 4193 Α

433 4224 590 4304 ignorare.
645 4224 833 4306 Quanquam
855 4243 951 4304 quum
973 4204 1005 4287 in
1027 4224 1223 4290 Menandreo
1244 4228 1424 4309 fragmento
1447 4228 1529 4307 Epi·

432 4331 599 4394 charmeae
620 4334 682 4395 alia
703 4333 860 4395 sententia
882 4342 1071 4415 opponatur,
1093 4352 1155 4416 qna
1176 4334 1227 4395 dei
1240 4334 1337 4397 valde
1353 4336 1447 4397 utiies
1467 4337 1529 4400 ha·

431 4442 545 4503 bantur
568 4439 608 4502 ad
634 4442 782 4523 quamvis
803 4461 870 4505 rem
893 4441 1119 4523 perficiendam
1135 4446 1187 4507 vei
1202 4442 1442 4525 impetrandam,
1465 4466 1529 4509 non
