3617 5650
880 803 1085 866 ...3ss-

434 995 608 1076 puguavit,
639 989 690 1070 qui
713 987 792 1048 aleos
815 987 902 1067 gigni
927 993 1092 1066 putarunt,
1115 985 1200 1067 apud
1224 985 1424 1051 Clementem
1449 991 1535 1052 nte-

433 1100 617 1162 xaudrinum
641 1101 759 1160 Strom.
782 1095 825 1176 V,
848 1095 928 1155 601:

517 1193 600 1266 <illd
620 1197 732 1286 βροτοὶ
754 1188 903 1262 doriiooor
924 1188 1027 1272 danzig
1048 1195 1226 1281 γεννᾶσθαι
1246 1190 1414 1287 [ἀμαυροὶ]

513 1301 572 1396 τήν
593 1305 755 1395 σφετέρην
776 1295 905 1390 ἐσθῆτά
925 1305 954 1367 τ’
976 1297 1061 1384 ἔχειν
1080 1294 1212 1391 μορφήν
1230 1327 1268 1368 τε
1290 1304 1403 1388 δέμας.
1414 1329 1462 1371 τε.

433 1426 495 1491 Cui
517 1423 654 1504 opinioni
675 1422 705 1480 in
728 1419 968 1499 disceptationis
990 1436 1087 1479 cursu
1112 1417 1277 1480 commode
1298 1419 1393 1482 etiarn
1416 1423 1532 1483 Xeno-

432 1533 545 1616 phanis
566 1531 738 1611 discipulus
761 1548 921 1609 opponere
943 1529 1057 1609 potuit:

513 1629 583 1700 ἀλλ’
606 1626 658 1698 dei
680 1631 732 1696 aui
756 1631 833 1696 deci
856 1631 1008 1718 παρῆσαν
1027 1622 1211 1711 χύπέλιπον
1232 1621 1422 1696 οὖπώποκα.

431 1747 566 1810 Accedit
587 1745 672 1826 quod
695 1745 834 1805 comicus
855 1754 962 1824 poeta,
985 1764 1078 1825 quum
1100 1745 1131 1806 iu
1153 1731 1253 1807 scena
1275 1743 1527 1807 homines'face-

427 1864 479 1915 ret
502 1853 716 1935 disputantes,
740 1873 800 1914 nou
824 1853 926 1931 potuit
946 1851 1088 1932 profecto
1102 1852 1131 1912 iu
1148 1851 1274 1913 intimos
1290 1853 1528 1934 philosophicae
1598 1859 1605 1878 ⁸

428 1962 589 2025 doctrinae
611 1980 763 2024 recessus
785 1969 972 2042 penetrare,
997 1957 1055 2022 sed
1077 1967 1182 2024 satius
1206 1963 1315 2026 habuit
1334 1965 1364 2025 iu
1387 1966 1426 2026 iis
1449 1987 1527 2027 ver-

425 2072 501 2152 sari,
524 2090 606 2152 quac
628 2069 667 2132 ad
691 2070 780 2152 voigi
803 2049 929 2148 captum
953 2079 1064 2130 esseut
1078 2071 1375 2134 accommodatiora.
1418 2075 1469 2136 lta
1491 2083 1526 2136 ut

332 2165 335 2172 Α
426 2197 487 2240 sno
509 2180 577 2240 iure
604 2179 752 2239 scenicus
777 2175 981 2256 philosophus
1004 2175 1044 2236 dc
1067 2175 1135 2238 deis
1156 2179 1406 2260 praedicaverit,
1439 2183 1525 2262 quod

426 2289 444 2347 e
467 2289 607 2368 genuina
628 2287 810 2346 Etesiarum
835 2292 940 2344 mente
962 2281 1003 2343 de
1026 2303 1086 2343 uuo
1108 2283 1167 2344 deo
1190 2289 1263 2346 sive
1285 2295 1359 2348 ente
1381 2285 1449 2350 erat
1465 2288 1524 2350 de·

425 2392 618 2456 claraudum.
663 2391 813 2454 Similiter
835 2391 907 2472 quia
929 2390 1073 2450 sublimis
1096 2388 1148 2453 illa
1162 2388 1223 2452 τοῦ
1238 2381 1331 2466 ὄντος
1352 2398 1439 2458 notio
1460 2415 1523 2458 uon

426 2501 600 2583 quadrabat
622 2501 651 2562 in
668 2507 885 2580 spectatorum
904 2505 1052 2578 mentem,
1076 2497 1116 2558 de
1132 2497 1248 2560 mundo
1264 2504 1336 2563 sive
1348 2496 1419 2574 aci}
1431 2500 1524 2579 πᾶσι,

424 2611 633 2692 qualicunque
655 2607 750 2668 modo
780 2625 819 2670 ea
848 2613 946 2666 autea
975 2605 1156 2686 significata
1183 2605 1329 2687 luerunt,
1360 2607 1441 2670 dixit
1470 2631 1522 2691 ea,

423 2739 507 2800 quae
535 2739 576 2778 ex
598 2717 781 2778 Eleatarum
811 2715 979 2775 sententiis
1003 2709 1259 2794 consequebatur
1279 2713 1415 2778 dicenda
1438 2736 1523 2782 esse.

422 2830 531 2908 Atque
552 2827 613 2890 hoc
635 2836 810 2889 extremum
834 2823 929 2885 etiam
947 2823 1041 2885 latius
1063 2831 1178 2904 patet'
1204 2826 1312 2906 Ipsam
1335 2826 1417 2887 euim
1439 2828 1523 2889 hanc

421 2937 631 3017 senteutiam,
655 2954 747 3017 quam
771 2935 965 3015 posteriores
986 2934 1105 3013 pariter
1127 2944 1223 3015 atque
1246 2935 1456 3015 Epicharmus
1478 2958 1520 3000 ex

419 3044 573 3105 Eleaticis
594 3042 719 3123 placitis
742 3040 939 3118 effecerunt,
972 3049 1003 3101 et
1022 3036 1071 3100 ‘ad
1093 3058 1186 3122 quam
1220 3040 1356 3103 omnium
1377 3044 1521 3123 proxime

420 3150 514 3211 Zeno
535 3152 694 3230 accessit,
717 3158 946 3217 aeternacsse
969 3148 1073 3209 omnia
1095 3166 1157 3209 uec
1179 3151 1351 3233 immutari,
1374 3154 1423 3213 sic
1444 3167 1523 3231 pro-

419 3261 592 3322 nuntiatam
622 3257 783 3320 latandum
807 3264 857 3318 est
878 3254 998 3337 aliquid
1020 3255 1149 3319 absurdi
1171 3245 1302 3325 hab'ere.
1358 3258 1522 3337 Quocirca

391 3374 393 3379 '
419 3389 481 3431 nou
503 3369 573 3430 siue
595 3366 730 3450 quadam
753 3366 899 3426 irrisione
922 3364 955 3425 id
977 3364 1137 3443 putandus
1159 3372 1211 3425 est
1223 3366 1409 3449 ingeniosus
1424 3377 1521 3448 poeta

419 3476 579 3556 posuisse,
604 3494 677 3554 quo,
700 3474 783 3553 quod
806 3474 909 3533 miuus
931 3470 1054 3533 liuuum
1076 3463 1317 3554 iutelligeret'iu
1334 3475 1519 3538 Eleatarum

419 3599 494 3643 esso
516 3580 669 3657 doctrina,
691 3588 777 3640 tecte
797 3578 889 3638 simul
913 3587 946 3638 et
968 3579 1077 3639 facete
1099 3580 1306 3660 significaret.
1348 3582 1434 3645 Nam
1459 3594 1519 3663 μ)-

418 3691 571 3753 steriores
594 3708 718 3769 quoque
741 3686 917 3768 philosophi
942 3686 1016 3747 illud
1039 3696 1191 3769 tauquam
1213 3690 1391 3752 Eleaticum
1415 3694 1519 3771 placl-

417 3810 481 3861 tnm
505 3808 673 3879 propterea
695 3795 832 3855 maxime
851 3794 1069 3876 diffamarunt,
1092 3798 1163 3877 quia
1186 3796 1260 3860 illud
1283 3800 1434 3880 imprimis
1457 3802 1519 3862 ab·

416 3928 528 3970 sonum
541 3927 616 3968 esse
631 3904 799 3966 videbatur
810 3921 984 3984 ausamque
997 3905 1170 3984 praebebat
1186 3906 1446 3987 reprehendendi.
1468 3910 1518 3971 Ea

335 4054 337 4061 ι
418 4026 526 4079 autem
546 4016 679 4095 ratione,
703 4032 775 4094 qua,
799 4008 884 4091 quod
901 4010 941 4071 de
958 4031 1018 4073 uuo
1035 4024 1107 4074 ente
1118 4026 1350 4096 praeceperant
1372 4016 1517 4098 Eleatae,

416 4123 568 4185 adrerum
581 4123 780 4202 complexum
792 4118 949 4179 transtulit
961 4094 1181 4199 Epicharmus,
1191 4122 1274 4184 viam
1284 4123 1517 4203 quodammodo

416 4232 551 4311 praeivit
572 4228 774 4309 Empedocli,
801 4224 852 4307 qui
876 4226 1017 4306 etipse,
1039 4244 1123 4307 quae
1145 4226 1185 4288 de
1209 4244 1283 4290 erne
1305 4229 1425 4293 effatus
1447 4240 1517 4294 erat

415 4334 635 4413 Parmenides,
661 4355 732 4397 cum
757 4352 858 4394 rerum
884 4341 995 4393 natura
1019 4333 1188 4393 coniunxit.
1220 4334 1253 4397 ls
1277 4334 1359 4398 euim
1382 4356 1439 4419 pro
1462 4340 1516 4400 iu-

416 4441 544 4505 deliuita
574 4438 625 4499 illa
658 4440 815 4519 essentia,
846 4456 928 4518 quae
959 4456 1015 4516 per
1045 4457 1150 4499 rerum
1181 4450 1325 4501 naturam
1363 4450 1513 4524 tanquam

354 4565 358 4575 '
414 4556 629 4625 commearet,
660 4542 1005 4607 certaru'substantiae
1030 4537 1209 4629 hunum,
1242 4535 1280 4606 aii
1301 4537 1390 4630 ’ὕλης
1411 4536 1513 4628 εἶδος,

711 5000 967 5305 'l
1139 4991 1249 5304 ί·

1647 3211 1651 3221 ’

1648 4361 1651 4583 l
