3617 5650
871 677 1078 750 424-

430 863 516 952 μετνὶ
548 868 687 946 παιδιᾶς
721 860 830 957 κρύφα
859 864 1038 954 ἐκφέροντα
1065 855 1107 930 coi
1136 851 1338 949 Πυθαγόρου
1366 852 1533 948 diopetas

431 991 538 1048 tamen
560 1003 599 1046 eo
623 983 680 1046 niti
700 981 841 1062 videtur,
866 979 953 1060 quod
976 976 1188 1059 philosophici
1209 977 1391 1058 argumenti
1404 977 1534 1041 fabulas

432 1091 492 1154 sub
515 1091 657 1160 Hierone
678 1089 846 1154 maximam
862 1097 985 1168 partem
1004 1095 1095 1148 actas
1112 1103 1189 1148 esse
1203 1084 1383 1166 constabah
1423 1085 1535 1163 Atque

432 1218 475 1262 ex
487 1216 528 1262 ea
543 1217 579 1261 re
593 1198 788 1280 intelligitur,
801 1196 875 1277 quid
888 1195 943 1276 sit,
956 1194 1037 1276 qood
1048 1193 1228 1273 Epicharmi
1243 1190 1394 1252 memoria
1405 1191 1533 1252 omniuo

347 1375 351 1378 ,
432 1322 505 1370 cum
526 1305 676 1368 Hieronis
700 1304 826 1369 nomine
848 1303 935 1384 iungi
957 1302 1060 1366 solete
1082 1319 1155 1362 nam
1176 1299 1238 1361 hoc
1259 1300 1329 1378 ipso
1342 1316 1465 1381 genere
1478 1298 1534 1359 fa·

432 1412 573 1476 bularurn
597 1412 735 1475 maxime
755 1411 899 1474 inclaruit
919 1408 1141 1488 Epicharmus.
1248 1484 1257 1496 ·

514 1521 626 1600 Itaque
648 1537 741 1599 quum
756 1517 963 1600 Empedoclis
982 1517 1099 1597 placita
1116 1514 1200 1578 hand
1220 1515 1356 1595 potuerit
1370 1515 1403 1579 in
1416 1515 1533 1578 fabulis

436 1625 506 1690 suis
528 1635 667 1692 tractore
689 1626 844 1698 comicus,
868 1645 908 1688 ea
928 1626 968 1686 ab
990 1624 1221 1704 Epielrarrneae
1237 1625 1369 1687 rationis
1385 1627 1533 1704 explica-

435 1737 521 1800 tione
544 1738 703 1818 oportebit
723 1723 905 1820 segregari?
929 1735 1173 1818 confugiendum
1189 1754 1269 1796 vero
1287 1736 1397 1798 eritad
1411 1756 1532 1818 eorum,

435 1861 516 1924 quos
539 1849 613 1908 ante
625 1849 783 1916 recensui,
807 1842 1064 1924 pbilosophorum
1078 1842 1263 1905 sententias.
1305 1843 1410 1904 Multo
1426 1853 1534 1910 autem

432 1951 535 2014 miuus
552 1970 636 2033 quae
648 1953 791 2016 Platonis
813 1959 889 2016 sunt
910 1952 1046 2032 propria,
1069 1962 1103 2014 ut
1124 1952 1177 2033 qui
1199 1951 1268 2033 plus
1283 1961 1406 2015 centnm
1430 1972 1532 2016 annos

437 2069 510 2142 post
530 2061 755 2142 Epicharmum
767 2060 896 2140 vixerit,
919 2079 977 2141 par
991 2068 1043 2122 cst
1056 2060 1085 2120 io
1101 2059 1242 2143 Siculum
1259 2069 1386 2139 poetam
1397 2061 1532 2126 interret

433 2165 466 2228 id
487 2167 571 2250 quod
593 2169 751 2231 Alcimum
778 2177 914 2230 secutus
942 2169 1018 2232 fecit
1046 2163 1096 2232 iio
1123 2169 1164 2234 de
1186 2170 1378 2249 Epicharmo
1399 2173 1534 2254 egregie

435 2276 578 2351 mentua,
599 2276 660 2338 sed
681 2277 712 2338 in
734 2277 956 2358 philosophico
977 2296 1219 2359 genereparum
1232 2276 1377 2357 diligens,
1400 2275 1532 2358 Grysa·

435 2383 502 2449 rius
523 2383 555 2446 in
577 2384 655 2446 lihro
680 2384 721 2447 de
742 2387 944 2448 Doriensium
965 2385 1131 2450 comoedia
1144 2385 1246 2467 ptta
1255 2403 1326 2467 sqq.
1348 2388 1416 2448 lam
1438 2404 1533 2467 quum

438 2491 482 2552 sit
502 2492 592 2572 primi
614 2475 786 2574 fragmenti
807 2495 946 2559 initium:

518 2587 589 2658 ἀλλ’
611 2587 665 2660 ἀεὶ
685 2594 738 2660 τοὶ
757 2594 837 2662 θεοὶ
858 2596 1010 2684 παρῆσαν
1029 2591 1210 2676 χύπέλιπον
1230 2587 1431 2678 οὐπώποκα,

465 2731 469 2738 ·
515 2689 598 2764 τάδε
622 2699 653 2764 δ’
676 2693 731 2764 ἀεὶ
751 2691 897 2786 πάρεσθ’
919 2694 1018 2783 ὅμοια
1039 2693 1095 2765 toi
1116 2700 1154 2766 δὲ
1176 2701 1240 2766 νῶν
1260 2695 1365 2768 αὐτῶν
1385 2697 1451 2784 ἀεί’,

435 2829 493 2893 per
513 2799 617 2885 θεοὺς
638 2811 768 2893 intelligi
790 2820 903 2875 censet
932 2811 1038 2888 ideas,
1068 2813 1113 2876 ita
1142 2821 1175 2874 ut
1201 2813 1292 2875 ideas
1321 2786 1539 2897 sempiternas

436 2918 539 2999 priore
562 2938 672 2997 versu,
693 2921 794 2983 altero
814 2938 868 2981 res
890 2919 1066 2981 mundanas
1087 2920 1128 2981 ad
1144 2921 1285 2983 idearum
1300 2924 1533 2987 similitudinem

437 3026 592 3089 formatas
615 3044 692 3087 esse
710 3044 811 3105 eoque
829 3043 956 3105 semper
981 3026 1166 3106 aequabiles
1184 3046 1313 3088 manere
1328 3028 1533 3109 significetur.
1648 3083 1649 3108 p

436 3136 473 3197 lo
494 3152 558 3217 quo
587 3153 627 3195 ne
651 3131 815 3195 Graecum
844 3132 970 3213 quidem
999 3142 1069 3207 est,
1096 3133 1183 3213 quod
1204 3121 1260 3193 dio?
1280 3130 1345 3195 τῶν
1364 3124 1470 3197 αὐτῶν
1492 3134 1532 3197 ad
1648 3161 1649 3178 2

435 3262 661 3328 praegressum
683 3247 788 3325 priore
809 3262 912 3305 versu
931 3238 985 3304 τοὶ
1007 3237 1085 3303 θεοὶ
1106 3244 1215 3306 referri
1236 3254 1342 3325 putata
1373 3248 1421 3307 sic
1449 3253 1532 3310 enim
1648 3251 1649 3254 ’

358 3435 360 3439 Ι
434 3344 490 3419 deo?
515 3342 638 3418 τούτων
665 3356 719 3416 vel
747 3350 789 3415 δι’
819 3347 949 3417 ἐκείνων
977 3353 1147 3416 dicendum
1174 3363 1252 3419 erat
1303 3356 1398 3433 Quod
1424 3365 1532 3419 autern

376 3452 379 3457 Δ
435 3462 572 3527 eundem
594 3463 815 3543 philosophum
845 3462 979 3551 hic-res
1006 3464 1174 3545 sensibiles
1205 3484 1263 3544 per
1293 3464 1384 3526 ideas
1405 3482 1534 3545 semper

435 3568 620 3652 aequabiles
640 3588 780 3651 manere,
800 3590 877 3633 mox
898 3579 1007 3633 autem
1022 3573 1053 3632 in
1065 3572 1243 3651 posteriore
1255 3571 1424 3652 fragmenti
1439 3578 1532 3651 parte

436 3678 585 3741 continuo
606 3676 765 3741 immutari
788 3685 820 3739 et
842 3676 997 3741 fluctuare
1010 3676 1088 3739 facit
1103 3676 1281 3755 docentem,
1304 3678 1336 3740 id
1352 3697 1413 3739 uon
1425 3686 1534 3757 potest

435 3785 497 3861 ullo
519 3792 615 3866 pacto
638 3784 830 3847 concionari.
862 3786 968 3863 Quam
990 3787 1072 3847 enim
1096 3785 1304 3847 differentiam
1320 3786 1432 3847 statuit
1454 3785 1535 3846 inter

435 3892 621 3955 universum
643 3892 714 3955 sive
737 3892 939 3972 complexum
962 3889 1026 3955 τῶν
1042 3886 1228 3977 aindoma,
1254 3893 1308 3976 qui
1331 3891 1385 3953 hic
1406 3910 1535 3972 semper

372 3980 397 4060 ¹.
434 3997 517 4063 idem
540 4018 667 4063 manere
688 3998 898 4081 significetur,
922 4007 954 4060 et
973 4001 1102 4087 singula
1124 3986 1281 4080 clodovei,
1306 4016 1390 4079 quae
1410 3998 1439 4059 in
1453 4018 1535 4061 cou-

436 4106 523 4167 tiouo
547 4098 634 4169 lluxu
655 4125 730 4171 esse
751 4125 825 4169 mox
846 4106 1080 4193 perhibeantur,
1103 4126 1142 4167 ea
1162 4106 1238 4168 nihil
1259 4113 1367 4185 potest
1387 4106 1427 4167 ab
1450 4105 1535 4167 auti-

438 4213 548 4293 quiore
563 4214 763 4295 philosophia
776 4214 903 4295 cogitari
917 4213 1060 4277 alienius.
1082 4213 1181 4275 Nulla
1193 4221 1299 4274 tarneo
1314 4213 1438 4275 ratione
1448 4212 1536 4307 credi

436 4330 564 4405 potest,
593 4345 665 4386 eum
687 4325 929 4406 philosophum,
952 4324 1004 4403 qui
1026 4323 1166 4387 idearum
1195 4324 1402 4386 similitudine
1429 4326 1536 4387 omnia

437 4428 590 4505 contineri
601 4428 766 4511 docuerat,
779 4430 887 4493 statim
899 4430 1037 4493 hominis
1050 4438 1193 4493 naturam
1205 4430 1245 4491 ab
1256 4427 1318 4491 hac
1334 4427 1535 4492 simihtudine
