3617 5650
727 787 914 830 ...θ-,-

275 963 414 1045 paravit,
438 979 499 1022 uon
522 957 649 1022 eliunde
671 959 743 1018 elus
765 957 940 1021 auctoritas
959 960 1020 1018 erit
1041 954 1226 1037 iudicanda,
1248 955 1308 1018 aed
1328 975 1370 1016 ex

270 1073 424 1152 ipsorum,
444 1087 526 1150 quae
549 1067 662 1148 affert,
684 1067 937 1148 fragmentorum
960 1064 1080 1128 indole:
1108 1065 1156 1126 bis
1179 1072 1285 1126 auteur
1307 1084 1369 1125 noo

267 1179 378 1242 dubito
407 1195 616 1239 annumerare
645 1175 720 1237 illud
747 1175 904 1237 ultimum:
933 1161 979 1244 ὠς
1007 1162 1037 1231 δ’
1057 1161 1119 1253 e‘yei
1141 1166 1262 1245 δοκέω,
1284 1171 1369 1254 quod

267 1296 302 1349 ot
329 1289 437 1366 ipsum
466 1303 507 1344 ex
528 1283 643 1346 Alcimi
673 1299 770 1361 opere
800 1280 950 1344 haustum
980 1298 1055 1343 esse
1076 1287 1246 1340 contextus
1268 1279 1370 1341 docet.

267 1396 382 1473 ltaque
398 1401 433 1452 ut
449 1390 559 1453 borum
576 1390 825 1468 fragmentorum
843 1387 924 1448 fides
941 1387 1135 1467 exploretur,
1158 1385 1371 1465 comparanda

267 1509 361 1562 eruut
383 1517 454 1562 cnm
476 1499 527 1578 he,
549 1516 633 1578 quae
658 1515 714 1575 pro
738 1498 835 1556 certis
857 1503 953 1576 atque
975 1495 1121 1575 genuinis
1144 1495 1269 1556 omuino
1293 1511 1372 1572 pos—

273 1617 349 1670 sunt
370 1606 493 1668 haberi:
524 1623 563 1664 ea
586 1602 668 1680 dico,
691 1600 912 1682 qnueladditis
935 1601 1112 1662 nominibus
1134 1601 1330 1681 tabularum,
1351 1619 1374 1660 e

269 1716 386 1796 quibus
406 1714 508 1794 'petita
529 1720 620 1790 suut,
653 1711 830 1772 maximnm·
846 1720 968 1789 partem
989 1709 1073 1789 apud
1096 1709 1295 1770 Athenaeum
1318 1727 1374 1768 re-

270 1822 440 1902 periuntur.
483 1819 598 1899 Neque
623 1821 705 1889 euim
728 1817 831 1878 solum
855 1837 873 1876 e
896 1817 1076 1878 nominibus
1099 1817 1276 1879 tabularum
1292 1815 1385 1908 tideo·

268 1931 425 1994 nascitur:
455 1928 514 1990 sed
541 1927 734 2008 gravissima
763 1926 874 1990 merito
904 1925 1101 1988 aestimanda
1123 1937 1174 1988 est
1196 1932 1374 1990 auotoritas

269 2037 440 2112 Athenaei,
455 2043 488 2098 ut
504 2053 597 2116 quem
617 2035 721 2096 crisim
739 2033 925 2096 adhibuisse
940 2034 1162 2112 Epicharmeis
1179 2054 1197 2095 e
1213 2037 1376 2096 notatione

268 2141 334 2206 rein
353 2133 668 2229 ψευδεπιχαρμείων
689 2141 709 2200 l.
732 2141 829 2221 XlV,
858 2141 963 2202 cred
992 2151 1118 2222 pateat:
1146 2159 1207 2204 uec
1231 2143 1375 2222 proiecto

267 2252 502 2317 illas-ciborum
526 2251 794 2328 enumerationes,
817 2249 932 2330 quibus
953 2251 1092 2312 refertus
1110 2256 1162 2311 eet
1176 2249 1374 2334 Athenaeus,

269 2362 326 2420 uel
362 2358 602 2440 gulosissimum
638 2355 930 2436 deipnosophistem
963 2357 1222 2436 Sieulopoctae
1252 2375 1389 2438 cuppo-¹

269 2467 376 2528 edisse
398 2474 449 2526 eat
470 2463 627 2526 credibile.
672 2464 765 2541 Quae
787 2465 869 2524 enim
886 2465 917 2523 in
933 2450 1064 2543 ἀδήλων
1075 2483 1198 2546 genere
1212 2481 1254 2524 ex
1269 2464 1374 2523 Atho-

271 2591 353 2636 uaeo
375 2575 476 2654 petita
498 2580 583 2648 sunt,
606 2590 646 2632 ea
666 2580 837 2652 propterea
856 2569 1164 2651 hicpraetereuuda
1181 2569 1275 2646 duco,
1297 2573 1378 2650 quta

154 2745 165 2758 ,
269 2680 394 2742 duobus
422 2681 570 2758 exceptis
601 2680 630 2740 iu
661 2679 797 2758 epitome
826 2675 960 2738 secundi
993 2677 1178 2756 libri,-non
1209 2682 1241 2738 iu
1260 2679 1374 2762 ,ipsius

273 2786 433 2867 Athenaei
455 2787 613 2867 scriptura
636 2793 781 2847 exstant:
812 2803 875 2867 quo
900 2785 1022 2845 factum
1045 2794 1107 2866 est,
1131 2791 1248 2847 utnon
1270 2786 1379 2848 solum

270 2894 464 2959 auctoritate
493 2900 624 2962 careant
653 2900 785 2953 externa
814 2892 940 2971 (quidni
961 2893 1043 2952 enirn
1065 2894 1165 2972 potnit
1187 2897 1378 2973 epitomator

271 2992 407 3071 νοθείας
426 2997 687 3078 significationem
711 2994 896 3070 omitteret)
918 2998 978 3061 sed
991 3008 1053 3061 tarn
1068 3000 1183 3060 misere
1197 3000 1375 3083 depravata

270 3105 314 3169 ad
335 3114 476 3181 noetram
498 3113 635 3167 aetatem
658 3106 873 3186 pervenerint,
897 3114 933 3167 ut
953 3106 1144 3168 accuratiori
1166 3110 1374 3189 pervestiga-

272 3214 351 3278 tiuni
377 3213 481 3277 locum
510 3213 685 3292 praebeant
712 3212 838 3273 nullum.
884 3213 1011 3294 Reliqui
1034 3223 1184 3276 auctores
1206 3214 1279 3275 inde
1302 3220 1374 3296 ple-

272 3340 404 3402 rumque
432 3320 736 3383 commendationem
761 3321 897 3401 habent,
930 3322 1013 3403 quod
1038 3323 1162 3384 nomina
1184 3324 1375 3404 fabularum,

273 3449 357 3511 quae
381 3426 529 3505 afferunt,
553 3446 670 3509 magun
693 3448 733 3489 ex
758 3436 848 3509 parte
870 3427 964 3489 etiam
988 3428 1073 3510 apud
1094 3428 1296 3490 Athenaeum
1321 3451 1375 3490 re-

272 3540 443 3621 periuntur.
488 3537 530 3597 Ut
552 3546 661 3597 nostro
685 3536 821 3617 quodam
844 3537 913 3599 iure
930 3536 1025 3599 fidem
1047 3536 1222 3600 tribuamus
1247 3539 1284 3598 iis
1305 3541 1373 3601 fra-

272 3649 424 3729 gmentis,
448 3644 560 3725 quibus
575 3644 705 3717 riourina¹
716 3644 895 3722 fabularum
912 3644 1019 3708 addita
1032 3654 1106 3707 suut
1124 3646 1208 3726 apud
1222 3650 1249 3706 A
1260 3648 1277 3707 h
1287 3668 1374 3709 ren-

269 3748 392 3831 ¹sium,
417 3751 508 3813 cuius
530 3748 656 3829 quidem
677 3750 897 3813 collectionem
909 3754 940 3810 iu
953 3751 1031 3814 libro
1051 3751 1091 3812 de
1106 3751 1242 3815 dialecto
1260 3756 1377 3818 Dorica

274 3861 447 3926 exhibitam
469 3858 595 3922 orrrnino
618 3861 711 3938 sequi
732 3858 831 3921 iuvat.
874 3858 995 3919 Verum
1020 3867 1054 3919 ut
1074 3879 1229 3920 summam
1246 3863 1375 3921 cautio-

273 3988 346 4031 nem
374 3964 614 4033 in·iudicandis
640 3953 777 4047 ἀδήλοις
806 3964 991 4027 adhibuisse
1023 3964 1205 4046 videamur,
1237 3967 1376 4029 sufficiat

275 4094 313 4136 ea
335 4075 436 4155 primo
459 4090 530 4137 cum
550 4073 590 4133 iis
612 4079 732 4148 tantum
756 4074 954 4151 comparare,
977 4090 1059 4151 qnae
1076 4071 1159 4151 apud
1176 4074 1376 4137 Athenaeum

275 4188 414 4243 exstant.
458 4180 510 4239 Ac
532 4178 720 4259 saue'quod
742 4179 781 4241 ad
806 4188 1027 4261 argumentum
1051 4186 1198 4260 spectat,
1226 4180 1302 4242 nihil
1325 4184 1377 4243 vi-

276 4288 369 4347 detur
390 4285 494 4347 minus
519 4266 691 4369 cognatum
717 4303 907 4367 essequam
930 4287 1003 4347 illae
1034 4287 1173 4347 ciborum
1204 4308 1375 4349 enumera-

276 4398 378 4457 tiones
400 4401 433 4453 et
456 4391 687 4475 disputationes
703 4392 958 4472 philosophicae:
982 4409 1163 4473 quanquam
1186 4393 1267 4470 inde,
1291 4394 1374 4473 quod

277 4521 333 4581 pro
355 4517 415 4563 suo
439 4516 499 4563 usu
524 4497 600 4569 talia
616 4498 800 4578 plerumque
812 4501 975 4577 excerpsit
987 4496 1260 4585 deipnosophista,
1281 4518 1376 4577 nemo
1405 4519 1410 4527 ¹
