3617 5650
717 783 902 862 με..

361 980 381 1072 ἢ
403 985 468 1048 πᾶν
488 986 516 1070 γ’
537 977 660 1067 ὁμοίως
681 983 745 1047 τῶν
766 975 923 1047 τοιούτοιν
945 977 974 1061 δ’,
983 1009 1016 1049 τι
1037 977 1078 1050 τύ
1098 986 1173 1074 λῇς,

358 1089 417 1159 οδκ
438 1087 538 1170 αύτδς
557 1096 609 1181 είη
631 1086 674 1174 χοῖ
694 1092 801 1174 τέχνα,
822 1085 968 1174 τεχνικός
988 1118 1029 1179 γα
1050 1086 1123 1175 μοίν.

256 1195 396 1269 Πλάτων
428 1201 462 1268 έν
489 1203 532 1290 τῇ
562 1202 640 1290 περὶ
668 1201 733 1266 τῶν
757 1197 855 1266 ἰδεῶν
882 1193 1053 1290 ὑπολήψει
1081 1200 1192 1290 φησίν·
1234 1203 1359 1290 ,Εἴπερ

256 1299 328 1376 ἐστὶ
348 1301 474 1398 μνήμη,
504 1301 565 1385 τός
592 1305 684 1384 ἰδέας
712 1305 746 1372 έν
772 1311 844 1384 τοῖς
870 1297 1142 1396 οὖσινύπόρχειν
1164 1301 1222 1374 διδ
1241 1301 1281 1373 τδ
1302 1303 1361 1395 την
1434 1290 1436 1293 ¹

256 1411 385 1506 μνήμην
405 1407 604 1506 ἠρεμοῦντός
624 1438 711 1492 τινος
731 1414 786 1480 καί
807 1414 959 1498 μένοντος
975 1406 1067 1480 εἶναι·
1089 1415 1199 1499 μένειν
1214 1414 1253 1482 δὲ
1267 1410 1362 1482 οὐδέν

260 1523 372 1613 ἕτερον
392 1521 415 1612 ἢ
434 1518 494 1601 τός
513 1521 614 1600 ἰδέας.
643 1520 715 1587 τίνα
735 1514 796 1610 γοίρ
823 1515 863 1586 ίίν
884 1515 1022 1610 τρόπον,
1053 1522 1153 1610 φησὶ,
1184 1515 1361 1602 διεσώζετο

259 1623 302 1696 τοί
325 1631 395 1710 ζῶα
413 1623 459 1718 μη
481 1629 546 1715 τῆς
559 1625 653 1704 ἰδέας
673 1617 897 1715 ἐφαπτόμενα,
919 1625 975 1691 καί
996 1622 1081 1714 πρός
1103 1627 1200 1693 τοῦτο
1217 1621 1273 1693 τόν
1291 1629 1363 1694 νοῦν

260 1732 399 1826 φυσικόν
424 1727 585 1824 εἰληφότα
592 1739 624 1818 ‚·“
651 1735 706 1799 νῦν
733 1733 772 1800 δέ
796 1725 989 1821 μνημονεύει
1016 1735 1077 1822 τῆς
1103 1726 1298 1823 ὁμοιότητός
1325 1740 1364 1802 τε

259 1853 315 1918 καί
335 1851 471 1940 τροφῆς,
492 1843 593 1916 ὁποία
613 1871 665 1925 τις
685 1843 773 1913 ἐστίν
794 1840 915 1926 αὐτοῖς,
937 1840 1162 1930 ἐνδεικνύμενα
1180 1839 1263 1912 διότι
1280 1847 1364 1943 πᾷσι

259 1967 331 2038 τοῖς
351 1952 449 2040 ζιύοις
469 1951 615 2048 ἔμφυτός
637 1956 724 2023 ἐστιν
744 1949 766 2044 ἠ
786 1956 845 2043 τῆς
866 1945 1060 2042 ὁμοιότητος
1073 1952 1215 2041 θεωρία.
1237 1947 1291 2019 διδ
1310 1953 1365 2019 καί

259 2069 324 2132 τῶν
344 2058 520 2154 ὁμοφύλων
540 2056 745 2130 αἰσθάνεται·
767 2065 840 2140 πῶς
860 2054 916 2128 οὖν
937 2057 956 2127 ὁ
975 2057 1197 2151 Ἐπίχαρμος,·

427 2165 561 2255 Εὔμαιε,
580 2164 624 2254 τόΙ
640 2163 744 2258 σοφόν
767 2167 854 2236 ἐστιν
876 2163 1016 2234 ούκαθ)
1036 2165 1071 2235 έν
1091 2162 1199 2253 μόνον,
1240 2177 1246 2186 '

429 2271 501 2344 ἀλλ’
522 2273 606 2342 ὅσσα
627 2289 692 2364 1περ
713 2275 765 2364 ζῇ,
786 2267 894 2341 ποίντα
915 2275 970 2341 καί
991 2269 1119 2361 γνώμαν
1140 2272 1217 2358 ἔχει.

429 2384 484 2448 καί
504 2377 565 2471 γδρ
586 2376 624 2448 τό
648 2384 736 2470 θῆλυ
756 2381 821 2446 τῶν
842 2377 1062 2468 ἀλεκτορίδων
1081 2383 1184 2468 γένος,

427 2487 466 2580 αί
485 2490 544 2578 λῇς
564 2493 771 2572 καταμαθεῖν
792 2481 916 2567 οίτενὲς,
938 2482 976 2552 ού
996 2488 1100 2555 τίκτει
1120 2491 1227 2572 τέκνα,
1276 2495 1283 2506 ’

430 2591 533 2677 ζῶντ’,
554 2590 627 2662 ἀλλ’
647 2586 770 2674 έπιύζει
792 2593 847 2658 καί
868 2589 1093 2685 ποιεῖ-ψυχαῖν
1113 2591 1207 2680 ἔχειν.

427 2697 466 2769 τό
488 2705 525 2771 δέ
545 2696 651 2792 σοφδν
672 2695 695 2768 οἳ
715 2694 815 2790 φύσις
833 2693 903 2768 τόδ’
925 2695 1015 2770 οἶδεν
1035 2696 1082 2781 οἷς
1102 2700 1170 2787 ε”χει

433 2802 526 2895 μόνα·
549 2802 771 2879 πεπαιδεύται
792 2803 853 2899 γαρ
875 2803 1039 2891 αύταυτᾶς
1061 2804 1137 2881 ύπο.

267 2919 324 2986 καί
346 2910 453 2985 πόλιν·

434 3016 630 3106 Θαυμαστόν
652 3016 746 3089 οὐδὲν
766 3016 830 3107 όμέ
852 3006 943 3091 ταῦθ
961 3018 1047 3093 ούτῶ
1065 3027 1171 3117 λέγειν

432 3131 486 3197 καί
509 3125 658 3223 όνδοίνειν
676 3127 825 3210 αίτοῖσιν
846 3129 964 3213 αύτούς
984 3139 1039 3204 καί
1059 3141 1170 3207 δοκεῖν

431 3246 537 3322 καλῶς
557 3238 724 3333 πεφύκειν.
748 3245 802 3310 καί
823 3239 884 3335 γυίρ
904 3240 927 3312 οἳ
947 3240 1032 3313 κύων
1053 3250 1123 3315 κυνί

434 3344 604 3419 κάλλιστον
626 3344 717 3433 εἶμεν
737 3351 890 3437 φαινέται
912 3352 967 3417 καί
986 3356 1068 3435 βοῦς
1087 3355 1154 3437 βοΐ,

435 3452 509 3534 ὄνος
531 3458 560 3521 δ’
581 3452 644 3542 ὄνῳ
665 3449 838 3523 κάλλιστόν
861 3456 994 3544 [έστιν,]
1019 3452 1058 3537 ύς
1079 3463 1112 3526 δ’
1129 3456 1172 3529 ύί.

268 3566 324 3635 καί
350 3566 453 3633 ταῦτα
479 3565 539 3649 μέν
566 3564 621 3631 καί
645 3558 687 3631 τοί
715 3567 850 3633 τοιαῦτα
879 3562 935 3634 διό
961 3571 1025 3635 τῶν
1045 3566 1214 3663 τεσσοίρων
1231 3576 1370 3660 βιβλίων

269 3663 517 3761 παραπήγνυσιν
534 3664 556 3739 ’ό
568 3665 733 3753 Ἄλκιμος,
754 3673 1012 3761 παρασημαίνων
1032 3670 1090 3764 την
1109 3678 1147 3761 ἐξ
1166 3672 1371 3769 Ἐπιχάρμου

269 3772 424 3849 Πλοίτωνι
451 3778 696 3868 περιγινομένην
716 3774 887 3869 ὠφέλειαν.
914 3776 968 3849 ὅτι
993 3784 1025 3849 δ’
1052 3779 1123 3851 οὐδ’
1151 3780 1251 3864 αύτδς
1271 3782 1370 3856 Ἐπί-

270 3910 397 3976 χαρμος
416 3878 531 3975 ’ἠγνόει
557 3879 616 3973 τήν
642 3880 742 3972 αὐτοῦ
770 3887 906 3977 σοφίαν,
932 3878 1057 3972 μαθεῖν
1075 3891 1146 3958 ἐστι
1167 3888 1228 3959 κοίκ
1247 3888 1371 3963 τούτων

271 3997 306 4064 έν
325 3988 377 4073 οἷς
397 3989 463 4062 τόν
474 3989 661 4091 ζηλώσοντα
679 3990 950 4085 προμαντεύεται·

355 4096 406 4179 Ὡς
429 4104 459 4169 δ’
475 4097 543 4190 ’έγιύ
563 4104 678 4186 δοκέω,
700 4105 821 4173 δοκέων
841 4102 900 4197 γδρ
923 4109 1029 4197 σαφές
1048 4104 1109 4194 δι’μι
1127 4112 1224 4178 τοῦθ’
1242 4108 1296 4183 ὅτι

357 4211 421 4275 τῶν
441 4208 528 4293 ἐμῶν
547 4204 659 4295 μνοίμα
679 4207 754 4278 ποκ’
775 4211 922 4280 έσσείται
941 4208 1043 4303 λόγων
1063 4220 1186 4285 τουτων
1207 4216 1265 4287 έτι.

356 4320 412 4386 καί
435 4313 543 4405 λαβών
563 4348 614 4400 τις
634 4316 718 4390 αύτοί
739 4322 920 4415 περιδύσας
940 4322 979 4394 τό
999 4328 1118 4418 μέτρον
1136 4326 1155 4397 δ
1175 4335 1229 4400 νῦν
1251 4331 1330 4418 ἔχει,

358 4418 436 4511 εἷμα
457 4423 535 4507 δούς
555 4431 609 4497 καί
630 4425 804 4522 πορφύραν
826 4427 951 4521 λόγοισι
972 4436 1124 4516 ποικίλας
1144 4418 1266 4523 καλοῖς,

359 4524 598 4613 δυςπύλαιστος
617 4531 663 4603 α’ίν
683 4530 740 4615 τός
760 4532 879 4617 ἄλλους
899 4530 1138 4622 εὐπαλαίστους
1156 4540 1334 4636 οίποφανεῒ.
