3617 5650
549 909 603 978 καί
612 904 671 988 τδς
684 902 893 1008 άνθρῶπους·
907 905 995 996 δμέν
1004 909 1066 1002 γάρ
1076 910 1234 999 αὔξεθ’,δ
1245 920 1283 986 δέ
1301 944 1343 1006 μα
1356 914 1422 1004 μάν
1436 920 1567 1010 φθίνει,

489 1044 503 1066 ·
549 1017 582 1086 έν
602 1019 790 1106 μεταλλαγᾷ
811 1019 848 1084 δέ
869 1011 991 1096 πάντες
1012 1020 1078 1087 ἐντὶ
1102 1016 1209 1089 πάντα
1229 1020 1286 1092 τδν
1305 1019 1428 1114 χρόνον,
1648 1102 1649 1109 ¹

548 1119 568 1193 δ
587 1127 625 1194 δὲ
647 1120 867 1212 μεταλλάσσει
888 1121 971 1192 κατά
992 1120 1090 1216 φάσιν
1110 1125 1254 1198 κοῦποκ’
1277 1132 1311 1200 έν
1331 1129 1453 1220 τιυάτῶ.
1461 1135 1566 1218 μένει,
1648 1118 1649 1139 ί

547 1231 664 1323 ἅτερον
685 1233 736 1321 εἴη
758 1227 799 1298 κά
820 1228 900 1322 τσδῂ
921 1236 980 1299 τοῦ
1000 1258 1052 1300 τοι
1070 1233 1365 1326 παρεξεστακότος.
1438 1298 1442 1306 .

546 1343 600 1412 καί
619 1337 659 1410 τά
680 1338 721 1432 δὴ
742 1336 827 1428 κήγῶ
849 1343 933 1424 χθές
954 1338 1048 1409 άλλοι
1069 1345 1125 1410 καί
1145 1337 1198 1430 νδν
1218 1343 1312 1414 άλλοι
1331 1349 1524 1431 τελέθομες,

546 1442 666 1528 καῦθις
685 1445 779 1516 άλλοι
800 1445 941 1518 κοῦποκ’
963 1445 1057 1517 αὐτοὶ
1079 1453 1293 1538 [τελέθομες]
1317 1450 1434 1527 καττδν
1459 1449 1563 1542 λόγον.

463 1554 512 1624 ἔτι
532 1557 632 1646 φησίν
654 1551 844 1642 δ’Ἀλκιμος
864 1557 919 1622 καί
930 1557 1034 1624 ταυτί·
1056 1559 1181 1640 ,Φασίν
1200 1558 1232 1626 οἱ
1254 1562 1354 1648 σοφοὶ
1372 1555 1431 1648 τήν
1451 1557 1563 1652 ψυχήν

460 1659 502 1730 τά
522 1665 582 1749 μὲν
603 1657 658 1730 διά
679 1665 738 1730 τοῦ
756 1657 910 1747 σώματος
926 1657 1160 1748 αἰσθάνεσθαι,
1181 1658 1251 1735 οἷον
1270 1661 1461 1751 άκοάουσαν,
1479 1670 1562 1752 βλέ-

461 1793 596 1840 πουσαν·
617 1764 658 1838 τά
680 1773 709 1835 δ’
723 1765 829 1860 αὐτήν
848 1774 927 1839 καθ’
943 1765 1042 1860 αὐτήν
1057 1770 1289 1856 ἐνθυμεῖσθαι,
1310 1776 1414 1863 μηδέν
1428 1776 1477 1862 τῷ
1492 1768 1563 1844 σῶ-

459 1903 539 1964 ματι
560 1879 736 1968 χρωμένην.
765 1872 818 1948 διδ
844 1878 990 1946 καὶτῶν
1019 1873 1120 1946 ὄντων
1146 1873 1188 1948 τά
1216 1880 1276 1964 μέν
1297 1876 1445 1970 αἰσθητά
1466 1875 1563 1965 εἰναι,

458 1983 500 2056 τά
518 1989 556 2056 δέ
570 1981 678 2078 νοητά.
698 1981 746 2055 ῶν
769 1986 862 2054 ἕνεκα
883 1987 938 2055 καὶ
952 1979 1094 2058 Πλάτων
1114 1983 1295 2084 ε”λεγενιδτι
1317 1991 1371 2056 δεῖ
1390 1985 1466 2068 τούς
1485 2015 1562 2062 συν-

458 2099 542 2164 ιδεῖν
561 2091 621 2174 τάς
640 2099 699 2167 τοῦ
719 2088 842 2172 παντὸς
857 2088 962 2184 άρχάς
976 2093 1222 2178 ἐπιθυμοῦντας
1239 2099 1370 2183 πρῶτον
1383 2099 1444 2180 μέν
1457 2093 1562 2178 αὐτάς

458 2209 537 2272 καθ’
558 2199 660 2281 αὐτάς
680 2205 854 2271 διελέσθαι
873 2197 934 2280 τάς
956 2200 1058 2282 ἰδέας,
1079 2195 1150 2268 οἷον
1169 2197 1349 2292 ,ὁμοιότητα
1361 2206 1417 2272 καί
1430 2199 1560 2290 μονάδα

457 2313 515 2388 καὶ
535 2313 669 2400 πλῆθος
689 2311 743 2378 καί
763 2310 908 2396 μέγεθος
936 2309 991 2374 καὶ
1019 2301 1133 2376 στάσιν
1161 2311 1214 2376 καί
1240 2311 1371 2400 κίνησιν·
1404 2306 1560 2402 δεάτερον

447 2414 537 2492 αὐτὸ
564 2423 642 2493 καθ’
674 2413 753 2486 αάτδ
782 2412 820 2486 τδ
848 2411 946 2484 καλδν
973 2417 1028 2484 καὶ
1054 2411 1181 2506 άμαθδν
1208 2419 1264 2486 καὶ
1295 2419 1420 2491 δίκαιον
1439 2420 1494 2487 καί
1516 2416 1559 2493 τά

456 2529 590 2594 τοιαῦτα
611 2520 816 2594 δποθέσθαυ
846 2524 957 2612 τρίτον
983 2525 1048 2591 τῶν
1075 2523 1174 2589 ἰδεῶν
1198 2526 1342 2592 συνιδεῖν
1367 2523 1445 2594 ὅσαι
1472 2523 1560 2617 πρδς

455 2628 611 2722 ἀλλήλαις
640 2629 738 2716 εἰσίν,
766 2625 834 2701 οἷον
861 2626 1046 2718 ἐπιστήμην
1073 2626 1094 2719 ἢ
1121 2630 1267 2718 μέγεθος
1293 2628 1316 2720 ἢ
1347 2634 1556 2702 δεσποτείαν·

454 2741 713 2827 ἐνθυμουμένους
737 2737 789 2806 ὅτι
817 2732 858 2804 τά
890 2741 970 2828 παρ’
996 2732 1074 2827 ἡμῖν
1103 2733 1159 2806 διά
1183 2733 1222 2806 τδ
1247 2741 1397 2824 μετέχειν
1425 2741 1557 2810 ἐκείνοιν

449 2841 610 2934 ,ὁμώνυμα
625 2848 759 2925 ἐκείνοις
777 2836 929 2935 ὑπάρχοι·
948 2845 1032 2931 λέγω
1051 2844 1089 2913 δὲ
1109 2838 1179 2913 οἷον
1199 2846 1310 2915 δίκαια
1332 2848 1392 2930 μὲν
1412 2843 1475 2916 ὅσα
1495 2851 1557 2915 τοῦ

453 2957 598 3037 δικαίου,
627 2949 710 3025 καλοί
733 2954 770 3019 δέ
793 2948 855 3019 ὅσα
875 2956 935 3019 τοῦ
953 2954 1064 3019 καλοῦ.
1092 2949 1162 3019 ἔστι
1183 2955 1297 3022 δὲκαὶ
1317 2958 1381 3021 τῶν
1402 2955 1500 3021 εἰδῶν
1519 2955 1557 3022 ἓν

452 3063 587 3131 ἕκαστον
609 3052 716 3127 άΐδιδν
735 3082 772 3125 τε
794 3059 849 3124 καὶ
871 3050 977 3147 νόημα
997 3059 1053 3124 καὶ
1073 3053 1158 3147 πρὸς
1177 3054 1304 3141 τούτοις
1325 3054 1468 3141 άπαθές·
1496 3056 1553 3127 διδ

451 3168 507 3235 καί
528 3190 627 3259 φησιν
656 3168 690 3233 έν
717 3168 758 3257 τῇ
779 3160 878 3255 φύσει
906 3161 966 3243 τάς
993 3164 1088 3244 ἰδέας
1108 3161 1240 3236 έστάναι
1261 3164 1417 3260 καθάπερ
1439 3195 1553 3257 παρα-

451 3275 620 3361 δείγματα·
649 3264 690 3339 τά
718 3273 748 3337 δ’
779 3267 862 3337 άλλα
890 3266 1025 3350 ταύταις
1055 3272 1190 3341 ἐοικέναι
1218 3269 1340 3341 τούτων
1359 3269 1553 3359 ὁμοιώματα

451 3385 656 3450 καθεστῶτα.
685 3376 703 3446 δ
734 3381 839 3447 τοίνυν
864 3375 1067 3470 Ἐπίχαρμος
1096 3385 1175 3471 περί
1202 3409 1237 3449 τε
1264 3388 1324 3451 τοῦ
1345 3379 1475 3471 ἀγαθοῦ
1497 3388 1553 3450 καὶ

449 3493 610 3581 περὶτῶν
632 3488 730 3555 ἰδεῶν
750 3485 834 3581 οὕτω
858 3488 955 3572 λέγει·

494 3609 538 3667 Α.
556 3591 626 3689 Ἆρ’
646 3594 733 3665 ἔστιν
754 3593 888 3685 αὔλησίς
910 3624 943 3665 τι
964 3601 1115 3687 πρᾶγμα,
1136 3609 1176 3667 Β.
1197 3594 1284 3668 πάνυ
1305 3606 1366 3686 μέν
1385 3598 1440 3673 ῶν·

447 3794 449 3807 Ι
492 3716 535 3775 A.
557 3702 736 3795 άνθριοπος
759 3698 803 3773 ῶν
826 3701 1089 3795 οῶλρσίς,έστιν,·
1111 3718 1150 3777 Β.
1172 3709 1333 3798 οὐδαμῶς.

410 3852 412 3855 ·
492 3825 535 3883 Α.
558 3817 633 3909 φέρ’
655 3818 726 3897 ἴδω,
747 3794 779 3881 δι’
801 3817 831 3880 δ’
851 3810 1011 3905 αιἰλρτάς,·
1030 3818 1081 3896 τίς
1102 3812 1193 3904 εἶμέν
1212 3846 1265 3890 τοι
1285 3824 1392 3907 δοκεῖ,·

551 3921 748 4014 άνθροιπος,
771 3921 792 4012 ἢ
812 3918 850 3989 σά
869 3918 951 4014 ράρ;
974 3934 1011 3993 Β.
1022 3920 1110 3992 πάνυ
1122 3928 1182 4011 μέν
1195 3922 1249 3995 ῶν.
1271 3939 1315 4002 Α.
1330 3927 1389 4000 οάκ
1399 3924 1444 3998 οἰν
1452 3934 1550 3999 δοκεῖ

552 4021 655 4110 οὕτως
676 4028 761 4115 ἔχειν
782 4040 858 4113 [τοι]
883 4032 937 4097 καὶ
958 4035 1038 4123 περὶ
1059 4030 1229 4120 τῶγαθοῦ,·
1250 4032 1289 4104 τδ
1309 4040 1370 4122 μέν

552 4129 679 4226 ἀγαθόν
700 4164 732 4203 τι
756 4140 876 4226 πρᾶγμ’
901 4131 991 4222 εἰμεν
1013 4148 1093 4206 καθ’
1113 4134 1203 4209 αὖθ’
1224 4138 1311 4223 ὃςτις
1330 4146 1368 4218 δέ
1391 4172 1433 4211 κα

555 4243 628 4335 εἰδῇ
649 4240 769 4331 μαθῶν
789 4248 866 4334 τῆν’,
888 4241 1017 4334 άμαθδς
1039 4244 1102 4338 ἤδη
1123 4251 1253 4337 γινέται.

553 4348 662 4442 ὥςπερ
683 4346 745 4443 γάρ
766 4355 829 4418 δέκ’
851 4348 986 4441 αἰὲλρσιν
1007 4352 1150 4446 αὐλητάς
1169 4356 1298 4443 μαθιδν,

550 4450 573 4545 ἢ
594 4452 726 4547 ὄρχησιν
747 4452 910 4549 ὀρχηστάς
931 4484 982 4539 τις
1003 4456 1024 4549 ἦ
1045 4458 1185 4543 πλοκεδς
1205 4460 1343 4546 πλοκάν,
