3617 5650
722 765 929 831 ...47-

276 975 380 1038 eaque
401 973 471 1016 uon
485 956 587 1020 solum
600 971 673 1020 oum
688 957 793 1020 indole
805 959 999 1039 Siculorum,
1007 966 1124 1021 acutae
1133 958 1237 1040 gentis
1256 966 1376 1020 eteoc-

277 1075 426 1127 troversa
447 1064 560 1126 natura
583 1063 789 1140 (verbasunt
801 1065 971 1128 Ciceronis
991 1067 1024 1128 iu
1045 1068 1142 1128 Bruto
1160 1085 1188 1128 c.
1205 1065 1273 1144 12)
1294 1084 1376 1126 coo-

279 1178 375 1258 gruit‚
392 1172 450 1234 sed
474 1176 570 1264 etiam
583 1173 667 1234 uiam
686 1173 919 1254 quodammodo
931 1173 1076 1253 praeivit
1097 1171 1291 1252 sophisticae
1303 1172 1376 1252 arti,

278 1303 361 1364 quae
382 1289 499 1360 postea
520 1282 549 1340 iu
570 1279 679 1343 Sicilia
694 1281 844 1362 imprimis
868 1281 981 1342 floruit.
1009 1283 1044 1341 ln
1058 1300 1121 1361 quo
1136 1279 1220 1340 lraud
1242 1279 1376 1358 paullum

278 1389 339 1452 illis
363 1386 619 1468 philosophorum
642 1385 937 1468 disceptationibus,
952 1405 1034 1469 qaas
1055 1387 1267 1466 lllpioharnrus
1280 1385 1377 1446 indo-

276 1500 339 1578 xit,
362 1495 560 1557 tribuendum
583 1503 658 1556 es'se
678 1494 772 1557 facile
792 1494 992 1577 intelligitur.
1045 1493 1197 1558 Ceteram
1218 1494 1315 1556 talem
1332 1492 1377 1567 ,de

279 1606 376 1666 rebus
392 1601 618 1682 philosophicis
632 1601 833 1682 disceptandi
847 1601 1106 1666 connsuetudinem
1120 1606 1182 1664 iam
1197 1603 1283 1662 inter.
1296 1602 1378 1681 Epi-

277 1715 400 1776 chnrrni
413 1713 566 1793 aequales
581 1714 745 1774 exstitisse
756 1716 810 1776 vel
829 1716 928 1776 ultimi
949 1715 1122 1798 fragmenti
1134 1733 1250 1777 versus
1265 1713 1378 1775 ducet:

321 1803 568 1889 δοςνιάλαιστος
587 1807 632 1878 ὢν
653 1805 710 1890 τος
731 1807 849 1892 ἄλλους
871 1810 1111 1892 εὐπαλαίστους
1133 1809 1310 1902 άποφανεῖ.

276 1967 301 1986 .·
362 1923 457 2003 Quod
478 1933 584 1986 autem
607 1927 735 1988 Italicos
758 1931 943 2010 universim,
968 1929 1020 2010 qui
1042 1929 1187 1990 stabilem
1204 1934 1379 2008 posuerunt

280 2051 381 2094 rerum
407 2043 571 2110 naturam,
600 2049 671 2094 aum
694 2035 886 2096 Heracliteis
911 2037 991 2098 facit
1013 2044 1188 2109 certantes,
1220 2033 1379 2113 idipsum

278 2149 367 2220 patet
389 2141 492 2204 latius.
542 2141 698 2203 Nimirum
729 2152 764 2205 ut
790 2145 871 2206 inter
899 2146 1096 2208 Heraclitum
1125 2154 1222 2225 atque
1252 2161 1378 2214 omnem

282 2249 462 2310 Italicorum
486 2220 608 2310 scalam
632 2251 763 2310 intritum
792 2251 974 2314 intercessit
1000 2251 1214 2328 differentiae,
1236 2254 1282 2312 ita
1305 2249 1379 2316 illud

278 2357 375 2418 etiam
399 2356 631 2418 contentionem
650 2357 814 2435 peperisse
825 2368 971 2441 constat,
995 2358 1261 2440 quodmultarum
1274 2375 1379 2421 rerum

276 2463 446 2530 scientiam
474 2463 579 2523 Italici
609 2462 821 2541 appetendam
845 2463 1026 2546 duxeruut,
1059 2467 1248 2536 Heraclitus
1267 2483 1379 2544 repre-

278 2571 398 2632 hendit.
431 2570 560 2630 Notum
585 2579 636 2630 est
651 2571 728 2631 illud
745 2572 900 2632 Heracliti
921 2571 1007 2651 apud
1021 2573 1198 2656 Diogenem
1216 2573 1378 2634 Laertium

276 2677 337 2758 IX,
362 2677 396 2740 1:
419 2669 612 2760 πολυμαοίιγ
627 2662 700 2738 νόον
715 2666 754 2738 οὐ
775 2665 934 2740 διδάσκει·
948 2667 1104 2740 Ἡσίοδον
1122 2667 1184 2762 γάρ
1195 2668 1235 2740 dv
1243 2671 1380 2754 ἐδίδαξε

275 2781 334 2851 καὶ
353 2769 565 2868 Πυθαγόρην,
587 2771 736 2857 adoleas
757 2772 946 2869 Ξενοφάνεά
966 2805 1004 2847 τε
1018 2780 1073 2847 καὶ
1085 2775 1265 2857 Ἑκαταῖον.
1286 2785 1381 2849 Unde

276 2916 341 2959 non
364 2894 518 2957 discendo
542 2894 718 2971 comparari
739 2894 942 2973 sapientiam,
966 2894 1064 2957 sede
1087 2897 1196 2957 nativa
1220 2896 1379 2964 hominum

278 3004 385 3067 indole
414 3000 553 3081 pendere
582 3000 778 3063 Heraclitum
807 3000 1009 3083 intelligitur
1025 3003 1184 3063 statuisse
1216 3000 1264 3076 (id
1295 3000 1380 3083 quod

278 3114 374 3174 etiam
396 3114 428 3171 iu
450 3108 524 3169 illis·
546 3096 609 3189 αὕη
630 3094 722 3233 νοοχη
746 3094 923 3191 σοφωτάτη
946 3128 1001 3169 και
1020 3097 1156 3191 ulpium,
1176 3095 1215 3169 οὗ
1233 3128 1273 3191 γη
1261 3096 1380 3191 ξηρή

280 3228 371 3311 propp
388 3203 565 3300 σοιγναιιάτιγ
576 3212 630 3277 καὶ
641 3206 758 3299 άριστνγ
771 3216 937 3297 cernitur),
961 3236 1056 3298 quum
1071 3216 1268 3297 Pythagorei
1279 3224 1379 3284 totam

232 3316 236 3323 ⁵
280 3328 378 3389 vitam
408 3324 450 3387 ad
480 3322 664 3383 discendam
693 3324 880 3402 sapientiam
910 3324 1118 3383 instituerent.
1162 3321 1275 3399 illaque
1296 3337 1380 3381 con·

280 3431 379 3491 tentio
400 3449 462 3490 non
486 3428 588 3491 solum
612 3427 652 3489 ad
674 3428 932 3507 philosophorum
962 3426 1142 3506 disciplinas
1171 3426 1379 3506 pertinuisse,

279 3538 339 3599 sed
361 3540 495 3619 amplius
518 3540 612 3600 etlam
637 3547 711 3600 tuna
734 3540 885 3619 temporis
908 3546 1031 3619 vagata
1052 3536 1156 3602 tuisse
1178 3535 1322 3613 uitiatur,
1348 3535 1380 3609 id

279 3644 365 3727 quod
382 3646 570 3708 concludere
581 3645 652 3707 inde
664 3646 751 3727 licet,
774 3646 858 3725 quod
871 3646 1036 3709 Pindarus·
1046 3646 1131 3707 canit
1142 3645 1194 3712 0l
1205 3646 1250 3719 H
1258 3644 1309 3719 86,
1318 3645 1377 3707 87:

405 3742 564 3837 σοφάς
586 3742 603 3815 ὁ
626 3742 732 3815 πολλά
755 3743 852 3825 sidroc
873 3750 987 3836 φνᾷ·γ
973 3740 1141 3872 μαθόντες
1161 3746 1201 3814 dc-
1221 3738 1339 3833 λάβροι
1419 3798 1427 3807 .

362 3856 590 3981 παγγλωσσινν,
608 3848 745 3947 κόρακας
765 3848 820 3938 dig,
838 3852 994 3946 άκραντα
1003 3848 1164 3945 γαρύετον

278 4020 281 4023 .
363 3958 443 4043 Διὸς
465 3988 549 4053 προς
571 3958 684 4053 ὄρνιχα
704 3970 810 4047 θεῖον,

281 4089 313 4141 et
335 4082 395 4153 lx,
419 4078 607 4142 tou—107:
1299 4134 1305 4147 ,

363 4173 401 4245 τὸ
424 4179 460 4245 δὲ
482 4180 553 4267 φυᾷ
574 4171 747 4267 κράτιστον
767 4172 865 4245 ἅπαν·
887 4176 1005 4245 πολλοὶ
1025 4177 1064 4245 δὲ
1085 4177 1256 4273 διδακταῖς
1315 4229 1322 4236 «

364 4386 511 4479 ὤρουσαν
531 4374 693 4460 ἑλέσθαι(

337 4500 341 4513 ’
363 4497 591 4571 desuererunt
611 4504 819 4591 σεσιγαμένον
