3617 5650
256 1799 381 1926 Apud
413 1831 781 1923 Diogenem'Laertium
809 1841 839 1901 in
872 1838 941 1900 vita
971 1837 1116 1900 Platonis
1146 1833 1211 1914 ΙΙΙ,
1241 1829 1357 1896 9-17.

212 1945 214 1954 ’
255 1953 337 2016 haec
359 1952 523 2029 leguntur:
545 1939 660 2011 Πολλά
681 1944 719 2011 δὲ
742 1944 796 2010 καὶ
816 1936 895 2034 παρ’
908 1934 1114 2032 Ἐπιχάρμου
1130 1938 1357 2023 τοῦκωμῳδο.-

256 2055 354 2120 ποιοῦ
377 2053 642 2141 προσωφέληται,
664 2045 705 2117 τά
727 2053 868 2117 πλεῖστα
890 2041 1124 2140 μεταγράψας,
1144 2039 1236 2113 καθά
1258 2067 1358 2134 φησιν

252 2154 411 2244 ’Ἀλκιμος
432 2157 465 2224 έν
485 2163 556 2236 τοῖς
577 2151 662 2247 πρός
683 2149 856 2242 Ἀμύνταν,
883 2150 907 2222 ά
928 2154 999 2223 ἐστι
1018 2155 1170 2243 τέτταρα.
1200 2147 1283 2219 ἔνθα
1305 2149 1360 2216 καὶ

256 2268 291 2336 έν
311 2268 360 2354 τῷ
380 2257 501 2356 πρώτῳ
523 2265 607 2354 φησὶ
627 2265 739 2330 ταῦτα’
769 2263 947 2346 ,βαίνεται
963 2261 1001 2329 δέ
1019 2259 1073 2328 καὶ
1086 2253 1228 2328 Πλάτων
1252 2253 1359 2326 πολλοὶ

259 2377 324 2442 ταῖν
344 2365 549 2462 Ἐπιχάρμου
570 2373 680 2461 λέγων·
713 2374 871 2439 σκεπτέον
892 2373 941 2438 δέ.
970 2366 989 2438 ό
1010 2365 1152 2439 Πλάτων
1179 2371 1279 2461 φησὶν
1306 2369 1363 2438 αἷ-

258 2475 385 2571 σθητόν
404 2481 464 2566 μέν
485 2473 570 2547 εἶναι
589 2475 628 2547 τό
640 2480 811 2564 μηδέποτε
832 2479 866 2546 ἐν
886 2483 935 2566 τῷ
953 2482 1044 2567 ’ποιῷ
1063 2480 1148 2569 μηδὲ
1168 2480 1265 2566 ποσῷ
1284 2481 1361 2545 δια·-
1412 2516 1415 2525 ·

257 2591 363 2675 μένον,
386 2583 457 2656 ἀλλ’
478 2583 532 2656 άεὶ
553 2589 627 2676 ρέον
647 2589 702 2654 καὶ
722 2581 937 2673 μεταβάλλον·
959 2587 1006 2667 ὠς
1019 2589 1057 2672 ἐξ
1069 2581 1115 2654 ὧν
1130 2583 1171 2656 άν
1191 2613 1242 2666 τις
1264 2582 1372 2678 άνέλῃι

258 2692 315 2764 τόν
335 2690 491 2787 άριθμόν,
511 2685 633 2762 τοότιον
646 2690 722 2762 οὕτε
738 2696 817 2782 ’χ’σισν
831 2691 908 2763 οὔτε
921 2697 1017 2763 τινῶν
1032 2690 1109 2762 οὔτε
1125 2697 1236 2764 ποσῶν
1251 2690 1361 2764 όντων.

259 2807 364 2873 ταῦτα
386 2799 415 2871 δ’
437 2803 525 2872 ἐστὶν
547 2796 591 2870 ὧν
611 2797 666 2871 άεὶ
686 2803 826 2890 γένεσις,
855 2797 952 2871 οὐσία
973 2805 1011 2871 δὲ
1032 2804 1203 2893 μηδέποτε
1222 2803 1363 2893 πέφυκε.

258 2908 374 3001 νοητόν
395 2912 432 2977 δέ
461 2910 497 2991 ἐξ
519 2903 559 2975 οὗ
576 2910 679 2997 μηδὲν
699 2903 889 2993 άπογένεται
909 2910 995 2997 μηδέ
1017 2910 1234 2997 προςγένεται.
1263 2910 1360 2976 τοῦτο

260 3018 292 3088 δ’
314 3021 402 3089 ἐστὶν
423 3014 445 3109 ἠ
465 3020 530 3085 τῶν
548 3012 666 3085 άϊδίιον
686 3012 802 3107 φάσις,
833 3013 872 3108 ἣν
896 3013 1012 3096 ὁμοίαν
1039 3044 1077 3086 τε
1106 3020 1161 3086 καὶ
1185 3013 1244 3107 την
1263 3012 1364 3108 αι’τὴν
1420 3081 1427 3085 .

261 3124 318 3197 ἀεὶ
345 3129 550 3217 συμβέβηκεν
579 3120 671 3195 εἶναι.
704 3130 758 3195 καὶ
786 3124 850 3219 μήν
879 3125 956 3219 ὅγε
975 3126 1181 3224 Ἐπίχαρμος
1199 3133 1279 3222 περὶ
1299 3134 1365 3199 τῶν

261 3236 433 3325 αἰσθητῶν
454 3236 509 3301 καὶ
530 3236 652 3325 νοητῶν
673 3234 815 3325 ἐναργῶς
836 3238 974 3326 εἴρηκεν·

346 3340 431 3411 Ἀλλ’
452 3339 505 3411 άεὶ
528 3344 580 3409 τοὶ
602 3344 683 3409 θεοὶ
704 3346 865 3431 παρῆσαν,
887 3338 1070 3425 χύπέλιπον
1091 3341 1130 3413 οά
1151 3340 1304 3414 πιόποκα·

299 3500 306 3509 .
351 3444 433 3518 τάδε
455 3452 486 3515 δ’
507 3444 562 3517 άεὶ
581 3442 729 3539 πάρεσθ’
749 3445 856 3535 ὅμοια,
879 3447 936 3518 διά
956 3454 994 3521 δέ
1014 3455 1079 3521 τῶν
1099 3450 1206 3523 αὐτῶν
1225 3450 1288 3525 άεί.

265 3644 270 3651 υ
346 3552 430 3625 άλλά
453 3558 580 3645 λεγέται
601 3552 666 3642 μάν
688 3550 768 3641 χάος
789 3560 915 3649 πράτον
934 3563 1090 3647 γενέσθαι
1111 3563 1176 3630 τῶν
1196 3566 1295 3631 θεῶν.

350 3666 422 3743 πῶς
444 3665 480 3731 δέ
487 3692 499 3749 ;
518 3656 703 3753 κάμάχανόν
714 3669 742 3753 γ’
756 3660 825 3733 άπό
839 3693 928 3746 τινος
939 3671 1042 3759 μηδέν
1057 3664 1109 3737 ὅτι
1123 3674 1249 3761 πράτον
1260 3665 1368 3756 μόλοι.

351 3765 410 3837 οὐκ
431 3762 484 3859 ἆρ’
505 3765 601 3853 ἔμολε
625 3772 750 3859 πρᾶτον
771 3766 866 3839 οὐδέν
886 3767 965 3841 οὐδέ
985 3770 1033 3859 μά
1052 3775 1119 3843 Δία
1140 3771 1293 3866 δεάιερον

352 3880 416 3945 τῶν
437 3879 468 3943 δ’
490 3870 534 3945 ὦν
555 3872 639 3961 άμες
659 3872 712 3944 νόν
733 3872 799 3946 ὦδε
820 3880 915 3968 λέγω,
934 3882 1055 3971 μέλλει
1068 3876 1142 3951 τάδ’
1163 3877 1256 3951 εἶναι.

349 3982 388 4051 αἰ
405 3992 478 4051 ποτ’
500 3978 647 4073 άριθμάν
667 4010 718 4063 τις
738 3982 905 4076 περισσόν,
929 3988 965 4056 αἰ
986 3990 1023 4056 δέ
1044 3991 1112 4080 λῇς,
1133 3986 1189 4057 τόν
1209 3987 1332 4081 άρτιον,

350 4092 522 4176 ποτθέμεν
542 4092 584 4182 λῇ
603 4092 719 4185 ψᾶφον
741 4088 761 4181 ἢ
782 4094 834 4160 καὶ
857 4089 917 4161 τάν
937 4088 1147 4186 ὑπάρχουσαν
1167 4100 1280 4182 λαβεῖν

255 4240 258 4248 ,
351 4190 372 4286 ἦ
394 4193 548 4266 δοκεῖκαὶ
568 4224 618 4267 τοι
642 4194 710 4267 τόκ’
732 4196 830 4281 αὐτός
851 4197 960 4289 τέμοις
981 4200 1039 4271 οὐκ
1061 4204 1135 4291 ε’μὶν
1153 4202 1246 4290 τάχα.

353 4302 430 4374 οὐδὲ
444 4304 515 4393 μάν
537 4304 607 4375 οὐδ’
628 4308 664 4375 αἰ
685 4310 763 4375 ποτέ
784 4311 904 4400 μέτρον
925 4319 1087 4395 παχυαῖον
1106 4318 1277 4402 ποτθέμεν

351 4414 488 4507 στερρόν
514 4418 626 4507 ἕτερον
650 4421 756 4503 μάκος
774 4415 795 4509 ἢ
816 4422 877 4487 τοῦ
896 4417 1022 4511 πρόσθ’
1043 4413 1153 4502 ἐόντος
1173 4418 1369 4509 άποταμεῖν,

353 4521 401 4608 ἔτι
423 4528 451 4607 χ’
473 4518 614 4615 ὑπάρχοι
634 4526 711 4613 τῆνο
731 4520 769 4592 τό
789 4526 925 4616 μέτρον,·
947 4522 986 4593 οὐ
1006 4520 1079 4619 γάρ.
1099 4522 1167 4599 ὦδε
1187 4533 1241 4599 νῦν
1263 4526 1324 4621 ὅρη

791 4644 797 4653 ’
1148 4646 1166 4706 l
