3617 5650
728 773 939 839 ,,63.,,

376 963 410 1022 in
433 961 481 1022 his
503 967 611 1022 autem
634 935 899 1043 proficiscendum
929 971 980 1022 est
1007 959 1047 1024 ab
1077 980 1133 1046 ea,
1166 960 1262 1043 qrraro
1289 955 1386 1045 supra

292 1069 488 1148 invehimus3
510 1067 746 1150 significatione
773 1066 942 1130 verborum
973 1060 1030 1130 deo}
1055 1065 1122 1130 τῶν
1148 1060 1273 1153 αὐτῶν,
1304 1091 1387 1152 quae
1438 1084 1442 1091 '

292 1174 417 1256 quidem
441 1175 676 1237 Boeokhius
698 1178 816 1238 itaest
837 1177 1079 1258 interpretatus,
1106 1185 1143 1239 ut
1169 1177 1208 1236 iis
1240 1179 1388 1256 superios

292 1290 327 1343 et
346 1282 476 1343 inferius
499 1302 540 1344 ex
561 1282 674 1344 iisdem
697 1284 794 1344 rebus
810 1289 961 1344 oonstare
973 1281 1147 1344 diceretur:
1170 1284 1282 1345 stelias
1305 1286 1388 1346 enim

294 1387 575 1450 eirourovoirendo
604 1386 698 1449 modo
727 1389 759 1450 in
788 1376 955 1468 superiore
974 1387 1069 1449 modo
1090 1389 1124 1450 io
1144 1387 1293 1450 inferiore
1313 1407 1389 1450 esse

296 1493 543 1573 hemisphaerio.
591 1494 715 1556 Verum
744 1503 913 1574 praeterea
940 1493 1025 1574 quod
1047 1495 1100 1555 hio
1120 1494 1160 1556 de
1180 1496 1283 1558 forma
1303 1496 1391 1578 globi

292 1605 399 1682 'magis
426 1619 519 1682 quam
548 1601 594 1662 ‘de
624 1602 757 1663 materia
785 1619 885 1682 agere
915 1601 1042 1662 videtur
1063 1601 1248 1676 PhilolauS,
1269 1604 1390 1664 'minus
1473 1656 1476 1661 .

296 1719 386 1772 reete
415 1711 456 1770 oh
480 1710 565 1801 iiiam¹
598 1723 728 1770 oausam
759 1727 805 1769 ex=
829 1707 941 1769 iisdem
964 1708 1062 1769 rebus
1086 1694 1237 1771 'constare
1265 1717 1392 1771 utrum-

296 1833 361 1897 que
390 1809 657 1895 hemisphaerium
689 1817 930 1896 perhiberetur:-
963 1834 1036 1878 nam
1072 1817 1188 1878 stellae
1210 1825 1393 1879 ‘versantur

295 1930 422 1984 tantum
448 1924 480 1983 io
507 1923 766 2006 hemisphaeriis,
795 1942 856 1986 noo
884 1922 1027 1986 efficiunt
1056 1927 1128 2006 ipsa
1151 1925 1392 2007 hemisphaeria.

299 2030 437 2092 Accedit
458 2032 541 2113 quod
563 2021 774 2094 recentiorum
796 2035 987 2111 scriptorum
1014 2041 1067 2092 est
1095 2033 1177 2093 haeo
1204 2033 1272 2113 ipsa
1295 2051 1394 2113 prae·
1443 2019 1470 2045 ”

299 2139 464 2219 position-is
488 2125 544 2202 rito?
563 2139 775 2222 significatio,
800 2157 864 2219 qua
885 2138 926 2201 ad
950 2139 1112 2200 materiam
1134 2139 1280 2203 refertur.
1323 2120 1401 2226 taor*
1474 2182 1480 2188 -

299 2264 378 2308 vero
399 2234 455 2306 deo?
474 2238 538 2306 τῶν
553 2235 665 2305 ,αὐτῶν
686 2245 741 2306 hie
768 2263 892 2326 quoque
921 2243 1117 2326 significabit
1148 2245 1332 2307 necessario
1362 2245 1395 2306 id

299 2352 384 2436 quod
405 2355 500 2417 alias:
525 2353 638 2416 eadem
660 2355 791 2415 ratione.
819 2357 933 2434 ltaque
955 2373 1049 2434 quum
1071 2356 1237 2433 superiora
1258 2373 1320 2414 noo
1335 2355 1396 2414 vi·
1462 2349 1473 2409 Γ
1529 2346 1557 2400 ’-

301 2467 436 2528 deantur
455 2467 623 2530 dommodo
644 2485 715 2528 oum
737 2467 937 2527 inferioribus
959 2485 1017 2545 per
1037 2453 1093 2524 dod
1106 2461 1171 2525 τῶν
1180 2455 1285 2524 αὐτῶν
1306 2481 1397 2527 oom-

300 2577 406 2658 parari
426 2594 540 2657 posse,
572 2595 730 2656 quumque
752 2575 792 2637 de
816 2575 929 2636 dextro
958 2583 991 2636 et
1014 2577 1143 2636 sinistro
1165 2574 1397 2654 hemisphaerio
1464 2570 1467 2574 ’

299 2682 331 2741 in
353 2681 415 2742 hoo
437 2681 620 2762 fragmento
640 2683 693 2762 agi
715 2682 756 2742 sit
785 2681 965 2760 probabile,
996 2679 1082 2742 haud
1106 2679 1260 2741 absonum
1291 2681 1398 2759 fuerit,

301 2806 340 2851 ea
360 2787 466 2851 forma·
483 2787 608 2851 dioeodi
629 2787 799 2871 significari
821 2792 992 2865 rationem,
1025 2807 1109 2870 quae
1129 2789 1211 2851 inter
1230 2796 1400 2870 utrumque

300 2893 569 2975 hemisphaerium
580 2894 763 2955 intercedat.
786 2896 983 2975 -Propterea
1004 2894 1052 2955 sio
1073 2904 1150 2975 puto
1173 2894 1397 2977 corrigendum

304 3020 392 3068 esse:
415 2996 474 3062 καὶ·
493 2990 562 3062 oirrti
580 2997 641 3061 τοῦ
656 2998 759 3079 ’μέσον
771 2991 830 3063 ’τω
842 2992 910 3063 ἄνω
931 2991 989 3062 deo?
1001 2997 1073 3062 των
1094 2991 1201 3063 αὐτῶν
1219 3002 1290 3074 τοῖς
1309 2988 1398 3062 κάτω
1473 3063 1475 3065 ,

302 3106 392 3177 ἐστὶν
412 3099 459 3182 ὠς
478 3098 520 3169 τά
540 3098 606 3169 dvo
629 3106 688 3171 τοῦ
707 3104 810 3189 μέσον
831 3100 1031 3183 ὑπεναντίως
1052 3105 1185 3189 κείμενα
1204 3110 1275 3182 τοῖς
1296 3097 1399 3173 adeor:

305 3228 340 3281 et
352 3217 435 3279 inde
456 3236 476 3279 a
498 3218 602 3279 medio
617 3219 789 3298 superiora
811 3215 944 3279 eandem
966 3220 1119 3279 rationem
1141 3220 1259 3280 habeut
1287 3218 1328 3280 ad
1350 3220 1403 3278 in·-

306 3326 354 3387 fra
369 3326 763 3406 positaquamtsuperiora
785 3344 804 3387 e
824 3328 956 3411 regione
978 3325 1073 3385 medii
1094 3326 1157 3386 sita
1177 3325 1218 3387 ad
1239 3326 1319 3385 infra
1341 3344 1402 3405 po-

304 3437 379 3495 sito.
432 3434 518 3496 Dieit
544 3434 712 3513 superiora
739 3432 812 3493 indo
840 3452 861 3493 a
889 3442 1017 3512 oeotro,
1047 3432 1067 3491 i.
1089 3441 1123 3493 ei
1138 3435 1170 3493 io
1200 3432 1262 3493 hae
1292 3439 1404 3494 noat‘ra

307 3540 393 3623 groti
421 3550 530 3622 parto,
559 3559 653 3621 quom
668 3539 828 3604 dextram
850 3540 1048 3623 Pythagorei
1076 3540 1242 3623 dixerunt,
1271 3556 1404 3621 prorsus

296 3647 422 3709 eodem
443 3649 566 3709 ratione
591 3666 661 3709 eum
687 3647 778 3709 inira
793 3664 830 3709 so
851 3650 966 3727 positis
986 3648 1163 3729 comparari
1184 3668 1278 3728 qoam
1300 3666 1405 3727 supo—
1488 3674 1492 3683 ·

309 3756 391 3817 riora
412 3772 455 3815 ex
478 3754 619 3815 adverso
646 3757 766 3835 centri,
790 3754 819 3819 i:
832 3774 859 3815 e.
890 3755 921 3814 io
944 3755 1072 3816 sinistro
1093 3754 1323 3835 hemisphaerio
1343 3755 1406 3814 sita

310 3862 442 3949 oomriis
463 3878 548 3943 quae
569 3860 651 3921 inira
673 3860 750 3939 ipsis
771 3866 844 3921 suot
865 3862 982 3939 posita.
1025 3860 1119 3937 Quae
1141 3868 1334 3940 sequuntur,
1348 3845 1406 3920 ¹'ea

220 4044 225 4055 „
310 3970 357 4033 sie
378 3970 548 4031 soribooda'
568 3976 661 4049 putot
682 3966 752 4039 τοῖς
772 3956 833 4051 peip
856 3955 944 4029 κάτω
964 3954 1198 4029 τωκατωτάτω
1211 3962 1299 4045 μέσα
1309 3960 1407 4042 ἐστὶν,
1445 4036 1449 4043 ,

308 4067 418 4161 ὥςπερ
439 4073 487 4157 τῷ
507 4062 672 4151 ἀνωτάτω,
695 4068 750 4135 καὶ
768 4064 810 4135 od
828 4064 917 4135 ἄλλα
937 4063 1097 4147 ωςνεύτως.Ι
1156 4063 1205 4135 Tei
1225 4064 1309 4134 dria
1331 4083 1407 4135 sunt
1429 4100 1433 4105 ·

310 4177 352 4249 vd
373 4176 461 4250 κάτω
483 4198 515 4250 et
537 4176 575 4249 τό
598 4174 753 4249 ἀνωτάτω
775 4187 894 4248 sinistri
908 4184 1142 4266 hemisphaerii,
1165 4185 1278 4264 quibus
1293 4182 1427 4261 eodem.

311 4296 405 4359 modo
428 4296 567 4357 infimum
589 4304 640 4357 est
662 4300 816 4373 deutrum,
846 4302 908 4375 qdo
928 4292 1000 4363 τοῖς
1021 4279 1109 4353 κάτω
1130 4300 1164 4353 et
1185 4286 1234 4371 τῷ
1252 4276 1407 4351 ἀνωτάτω

311 4402 416 4485 doptri
437 4404 667 4485 hemisphaerii.
691 4406 757 4463 iam
779 4400 904 4463 additur
926 4418 1026 4462 oauso
1048 4416 1157 4481 exeo,
1179 4398 1407 4481 qoodutraque
