3617 5650
609 816 635 864 s
888 745 1096 810 ’θ’

482 999 486 1007 ,
516 926 604 997 ἐστιν
625 920 717 1004 ὅπως
736 921 794 992 οὐκ
815 921 893 993 ἔστι·
914 927 948 994 oi
968 929 998 994 δ’
1018 921 1058 996 dv
1075 954 1130 1014 μιν
1152 930 1206 996 καὶ
1228 929 1326 1018 χρέος
1346 918 1451 1018 ὦρσεν

515 1031 651 1124 ὕστερον
672 1031 693 1123 ἢ
714 1027 864 1124 πρόσθεν
885 1038 945 1103 τοῦ
963 1031 1104 1126 μηδενὸς
1123 1032 1318 1125 αἰξηθῆναι.
1339 1083 1343 1088 -

434 1149 522 1212 Idem
553 1163 682 1228 uterque
706 1151 883 1230 praecepit:
919 1155 965 1214 ita
997 1161 1029 1214 ut
1059 1153 1100 1231 ah
1130 1163 1266 1233 utroque
1297 1149 1372 1212 illud
1404 1167 1534 1215 sumere

432 1257 569 1338 potuerit
595 1257 815 1336 Epicharmus,
868 1259 1041 1320 Praeterea
1070 1267 1176 1320 autem
1208 1259 1319 1322 codem
1342 1259 1532 1323 Aristotelis

433 1367 504 1427 locu
518 1367 579 1427 alia
590 1363 797 1442 Xerrephanis
808 1367 970 1426 sententia
982 1366 1147 1445 reperitur,
1169 1384 1252 1446 quae
1267 1385 1340 1427 curn
1350 1365 1532 1443 Epicharmi

431 1475 541 1536 verbis
559 1475 726 1536 convenit:
748 1491 851 1554 neque
873 1475 956 1534 enim
978 1474 1081 1534 selum
1102 1461 1210 1532 didaco
1231 1489 1320 1552 esse,
1352 1472 1412 1532 sed
1435 1472 1530 1537 etiam

431 1572 544 1661 ὅμοιον
564 1571 670 1666 πάντῃ
691 1582 783 1645 deum
805 1583 877 1644 sive
898 1573 936 1643 rr}
957 1572 993 1642 ὂν
1013 1583 1222 1661 significatur.
1271 1578 1306 1642 ld
1332 1577 1420 1660 quud
1447 1579 1531 1641 Par-

432 1690 577 1754 merides
599 1691 646 1752 sic
669 1690 828 1773 expressit
848 1688 932 1769 apud
953 1688 1150 1768 Simplicium
1172 1685 1272 1766 Phys.
1297 1687 1351 1749 tn:

556 1783 641 1855 Oida-
663 1783 827 1878 drcripsco'u
850 1787 948 1869 ἐστιν,
969 1787 1044 1854 ἐπεὶ
1064 1787 1130 1852 πᾶν
1150 1785 1239 1852 ἐστιν
1260 1782 1382 1868 ὅμοιον.

362 1895 369 1906 ’
432 1901 528 1980 Quod
549 1911 655 1963 autem
680 1901 897 1980 Xerrephanes
919 1907 1091 1980 practerea.
1108 1895 1148 1960 de
1166 1907 1239 1961 ente
1256 1899 1422 1981 praecipit,
1443 1899 1531 1980 apud

430 2009 628 2091 Simplicium
651 2010 750 2090 Phys.
772 2011 810 2072 6:

552 2109 619 2177 αἰεὶ
640 2112 670 2176 δ’
691 2106 725 2176 ἐν
745 2105 854 2196 ταύτῷ
874 2135 912 2177 aa
931 2111 1040 2194 μένειν
1062 2101 1246 2193 κινούμενον
1266 2101 1372 2191 οὐδέν,

428 2231 463 2286 et
483 2225 693 2286 Parmenides
719 2227 849 2304 (Simpl.
882 2226 983 2304 Phys.
1004 2227 1057 2298 92)

509 2320 630 2393 ταύτόν
652 2329 681 2392 d’
704 2327 737 2394 ἐν
758 2323 867 2414 ταύτῷ
888 2353 926 2395 τε
947 2327 1044 2411 μένον
1064 2331 1143 2394 καθ’
1165 2320 1261 2394 ἑαυτό
1281 2350 1319 2392 τε
1340 2330 1456 2405 κεῖται,
1508 2390 1513 2398 ,

428 2441 579 2506 convenit
602 2459 673 2504 eum
705 2458 763 2520 ee,
793 2439 876 2520 quod
899 2440 1112 2520 Epicharmus
1134 2426 1215 2500 τάδε
1238 2457 1366 2519 semper
1388 2426 1444 2500 diei
1463 2432 1528 2498 ecio

425 2539 531 2610 ἀὐτῶν
553 2568 629 2612 esse
651 2548 733 2610 dicit.
757 2550 850 2610 Haec
872 2549 967 2628 igitur
983 2567 1077 2630 quum
1095 2547 1180 2610 haud
1195 2550 1316 2630 exigua
1332 2549 1414 2610 iuter
1426 2548 1527 2610 Elea·

426 2671 529 2724 tarum
552 2663 668 2742 placita
691 2669 723 2722 et
744 2660 925 2740 Epicharmi
946 2677 1063 2719 versus
1078 2658 1245 2722 consensio
1264 2665 1429 2738 appareat,
1451 2655 1528 2718 illud

425 2778 530 2833 tamen
553 2769 620 2831 miri
642 2765 807 2829 intercedit
836 2764 1045 2845 discriminis,
1078 2763 1181 2845 quod,
1214 2782 1296 2844 quae
1323 2764 1456 2827 Eleatae
1486 2763 1527 2826 de

424 2894 488 2937 une
510 2884 583 2937 ente
605 2893 684 2950 suo,
714 2892 754 2951 ep
778 2873 990 2955 Epicharmus
1012 2871 1052 2933 de
1073 2872 1186 2953 plurali
1206 2891 1336 2948 numero
1358 2874 1524 2954 praecipit,

424 2984 514 3045 cuius
544 2982 670 3063 quidem
699 2983 874 3061 anquiritur
902 2983 988 3041 notio
1020 2986 1210 3043 accuratior.
1268 2979 1408 3044 'l'antum
1440 2983 1524 3046 euim

425 3093 518 3153 abest
539 3101 574 3153 ut
596 3112 651 3171 pro
673 3090 817 3153 Eleatieo
841 3101 914 3151 ente
930 3092 1023 3153 etiam
1036 3092 1126 3171 plura
1137 3081 1214 3153 ὄντα
1224 3094 1373 3168 substitui
1388 3093 1525 3173 possint,

411 3196 459 3261 'ut
476 3217 569 3259 unum
584 3216 660 3258 esse
676 3186 714 3257 cd
730 3186 766 3259 dv
781 3196 888 3261 dedita
906 3217 1003 3277 opera
1019 3197 1525 3280 demonstraveritXeuoplraucs,

425 3306 517 3365 cuius
537 3302 734 3364 ratiocinatio
758 3311 867 3365 exstat
894 3303 956 3363 iam
980 3304 1078 3365 citato
1105 3304 1177 3367 loco
1198 3306 1400 3369 Aristotelis:
1429 3298 1472 3365 Ei
1492 3301 1524 3363 δ’

422 3404 511 3471 ἐστὶν
533 3399 551 3471 ὁ
571 3398 654 3483 θεὸς
675 3398 828 3473 ἁπάντων
848 3400 1031 3493 κράτιστος,
1053 3404 1109 3471 ἕνα
1124 3406 1226 3493 φησὶν
1239 3398 1531 3495 αὕῑόνπροσὴκειν,

424 3504 517 3577 εἶναι·
540 3509 570 3575 εἰ
591 3506 652 3599 peip
673 3505 732 3577 dio
748 3507 775 3599 i}
797 3507 845 3577 ἔιι
867 3511 1004 3587 πλείους
1025 3503 1091 3579 εἶεν
1111 3514 1237 3581 aad:
1259 3518 1343 3599 qued
1365 3527 1398 3579 et
1418 3520 1523 3596 ipsum

423 3607 587 3705 signifieat
598 3618 817 3703 Parmelrides,
828 3613 863 3683 ‘ah
875 3617 1005 3699 ξυνεχὲς
1012 3623 1129 3685 dicens
1138 3634 1234 3706 atque
1241 3647 1252 3690 ε,
1273 3614 1348 3688 οὐδὲ
1359 3611 1525 3707 διαιρετόν,

422 3720 518 3790 ἐστιν.
563 3732 612 3790 lta
637 3738 672 3790 ut
693 3730 822 3809 pluralis
844 3750 996 3791 numerus
1013 3732 1053 3791 ab
1070 3732 1152 3792 entis
1169 3743 1280 3795 natura
1295 3733 1415 3796 alienus
1433 3750 1521 3810 esse,

421 3860 523 3921 eoque
546 3842 653 3901 mirum
676 3850 827 3921 quantum
852 3841 891 3901 alr
914 3840 1035 3901 Eleatis
1053 3840 1219 3901 discedere
1230 3840 1444 3921 Epicharmus
1467 3839 1522 3899 vi·

421 3948 544 4025 deutur,
567 3948 652 4029 quod
676 3958 708 4007 et
729 3934 806 4019 τούς
827 3934 930 4017 θεοὺς
952 3934 1085 4008 eteritis
1108 3948 1219 4027 plurali
1241 3949 1355 4029 posuit.
1398 3949 1521 4018 Verum

420 4056 481 4117 iam
506 4061 678 4135 antiquius
701 4066 848 4134 tanquam
872 4072 995 4115 summa
1017 4055 1179 4115 Eleatieae
1201 4053 1449 4117 doctr·inac.lrec
1469 4053 1519 4115 di-

419 4170 507 4221 etum
528 4162 763 4225 celebrabaturt
787 4152 820 4221 ἓν
840 4150 880 4221 aci
902 4149 1020 4241 aalma,
1041 4164 1139 4241 idque
1156 4185 1197 4225 ex
1209 4165 1393 4227 Eleataruur
1414 4164 1515 4227 ratio-

419 4266 513 4328 nibus
536 4268 698 4328 fatendum
721 4277 772 4329 est
798 4267 892 4330 facile
907 4271 1068 4345 consequi.
1110 4272 1197 4333 Nam
1212 4272 1519 4352 Xeueplranesqui-

419 4374 490 4439 dem
514 4392 572 4434 eus
594 4393 684 4435 suum
707 4375 799 4437 deum
824 4377 916 4455 tecit,
938 4376 1006 4441 scd
1031 4377 1075 4439 ita
1103 4386 1138 4439 ut
1162 4380 1214 4455 qui
1242 4379 1400 4442 derebus
1423 4398 1520 4442 mun·

418 4478 508 4543 danis
531 4500 550 4543 o
574 4480 783 4561 Xeueplrauis
798 4498 911 4577 mappa
934 4484 1301 4576 qpporepaiustitucret,
1322 4495 1520 4573 upugposset
